@article{abbott1976estrutura,
    author = {Abbott, Miriam},
    journal = {Série Lingüística},
    keywords = {macushi},
    pages = {231–266},
    title = {Estrutura oracional da língua Makuxi},
    volume = {5},
    year = {1976}
}

@incollection{abbott1985subordinate,
    author = {Abbott, Miriam},
    editor = {Fortunes, David L.},
    address = {Brasília},
    booktitle = {Porto Velho Workpapers},
    keywords = {macushi},
    pages = {254–267},
    publisher = {SIL},
    title = {Subordinate clauses in Macushi},
    year = {1985}
}

@incollection{abbott2015dictionary,
    author = {Abbott, Miriam and Foster, Patrick and Key, Mary Ritchie},
    editor = {Key, Mary Ritchie and Comrie, Bernard},
    address = {Leipzig},
    booktitle = {The Intercontinental Dictionary Series},
    keywords = {macushi},
    publisher = {Max Planck Institute for Evolutionary Anthropology},
    title = {Macushi},
    url = {https://ids.clld.org/contributions/173},
    year = {2015}
}

@book{adam1893materiaux,
    author = {Adam, Lucien},
    address = {Paris},
    publisher = {J. Maisonneuve},
    title = {Matériaux pour servir à l'établissement d'une grammaire comparée des dialectes de la famille Caribe},
    year = {1893}
}

@article{adam1905accawai,
    author = {Adam, Lucien},
    journal = {Journal de la Société des américanistes},
    pages = {43–89},
    title = {Grammaire de l'Accawai},
    volume = {2},
    year = {1905}
}

@misc{akawaio2012bible,
    author = {{Wycliffe Bible Translators}},
    keywords = {hixka},
    title = {Khoryenkom Karyehtanà},
    url = {http://downloads.dbs.org/scriptures/pdf/HIXWBT/HIXWBT.pdf},
    urldate = {2020-05-17},
    year = {2012}
}

@phdthesis{akawaiocaesar2003,
    author = {Caesar-Fox, Desrey Clementine},
    institution = {Rice University},
    keywords = {kapon,grammar},
    title = {Zauro'nödok Agawayo Yau: Variants of Akawaio spoken at Waramadong},
    year = {2003}
}

@article{alvarez1996reduction,
    author = {Álvarez, José},
    journal = {Omnia},
    keywords = {pemon},
    number = {2},
    pages = {39–74},
    title = {Vocales caducas y sílabas temáticas en pemón taurepán},
    volume = {2},
    year = {1996}
}

@article{alvarez1998split,
    author = {Álvarez, José},
    journal = {Opción},
    keywords = {pemon,ergativity},
    number = {24},
    pages = {69–94},
    title = {Split Ergativity and Complementary Distribution of NP's and Pronominal Affixes in Pemón (Cariban).},
    volume = {13},
    year = {1997}
}

@article{alvarez2000construcciones,
    author = {Álvarez, José},
    journal = {Opción},
    keywords = {pemon},
    number = {32},
    pages = {96–130},
    title = {Construcciones progresivas en pemón y otras lenguas caribes},
    year = {2000}
}

@article{alvarez2000entrada,
    author = {Álvarez, José},
    journal = {Boletín de Lingüística},
    keywords = {pemon},
    pages = {65–94},
    title = {La entrada verbal en la lexicografía del pemón (caribe)},
    volume = {15},
    year = {2000}
}

@article{alvarez2008clausulas,
    author = {Álvarez, José},
    journal = {Opción},
    keywords = {pemon},
    number = {57},
    pages = {114–143},
    title = {Cláusulas relativas, nominalización y constituyentes en pemón (Caribe)},
    volume = {24},
    year = {2008}
}

@unpublished{alvarez2016esbozo,
    author = {Álvarez, José},
    address = {Maracaibo},
    keywords = {kalina},
    title = {Esbozo de una gramática de la lengua Kari’ña},
    url = {https://www.academia.edu/28516773/Esbozo\_de\_una\_gram\%C3\%A1tica\_de\_la\_lengua\_kari\%C3\%B1a},
    urldate = {2019-01-16},
    year = {2016}
}

@unpublished{alvarez2018kg,
    author = {Álvarez, José},
    title = {Roroimü töpai Orinoko kuwak: El viaje de Koch-Grünberg en pemón: Presentación y análisis lingüístico},
    url = {https://www.academia.edu/35836478/Roroimü\_töpai\_Orinoko\_kuwak\_El\_viaje\_de\_Koch\_Grünberg\_en\_pemón\_Presentación\_y\_análisis\_lingüístico},
    urldate = {2020-05-18},
    year = {2018}
}

@book{alvarez2018kumana,
    author = {Álvarez, José},
    address = {Maracaibo},
    publisher = {Universidad del Zulia},
    title = {Kure mana choto maimuru},
    year = {2018}
}

@mastersthesis{alves2010arara,
    author = {Alves, Ana Carolina Ferreira},
    institution = {Radboud Universiteit},
    keywords = {arara},
    title = {Phonological Aspects of Arara (Carib, Brazil)},
    year = {2010}
}

@article{alves2013arara,
    author = {Alves, Ana Carolina Ferreira},
    journal = {Boletim do Museu Paraense Emílio Goeldi, Ciências Humanas},
    keywords = {arara},
    number = {2},
    pages = {265–277},
    title = {Aspectos do sistema fonológico de Arara (Karib)},
    volume = {8},
    year = {2013}
}

@phdthesis{alves2013verbo,
    author = {Chagas, Angela Fabíola Alves},
    institution = {Universidade Estadual de Campinas},
    keywords = {ikpeng,verb},
    title = {O Verbo Ikpeng: estudo morfossintático e semântico-lexical},
    year = {2013}
}

@phdthesis{alves2017arara,
    author = {Alves, Ana Carolina Ferreira},
    institution = {Universidade de São Paulo},
    keywords = {arara},
    title = {Morfofonologia, morfossintaxe e o sistema de tempo, aspecto e modo em Arara (Karib)},
    year = {2017}
}

@unpublished{alves2017wordlist,
    author = {Alves, Ana Carolina Ferreira},
    howpublished = {Manuscript},
    title = {Arara wordlist},
    year = {2017}
}

@article{alves2019arara,
    author = {Ferreira-Alves, Ana Carolina and Chagas, Angela Fabíola Alves and Barbosa, Leonard Jéferson Grala},
    doi = {10.1590/1981.81222019000100007},
    journal = {Boletim do Museu Paraense Emílio Goeldi. Ciências Humanas},
    keywords = {arara,ikpeng},
    pages = {101–119},
    title = {Termos de parentesco: primeiras reconstruções em Proto-Arara-Ikpeng},
    volume = {14},
    year = {2019}
}

@book{amodio1996lingua,
    author = {Amodio, Emanuelle and Pira, Vicente},
    address = {Roraima},
    keywords = {macushi},
    publisher = {Nordeste Gráfica},
    title = {Língua Makuxi, Makuxi maimu: Guias para a aprendizagem e dicionário da língua Makuxi},
    year = {1996}
}

@book{amodio2007lingua,
    author = {Amódio, Emanuele and Pira, Vicente},
    address = {Manaus},
    edition = {3},
    keywords = {macushi},
    publisher = {Editora Valer},
    title = {Makuxi maimu -- Língua makuxi: Guia para aprendizagem e dicionário makuxi},
    year = {2007}
}

@misc{apalai1986bible,
    author = {{Wycliffe Bible Translators}},
    keywords = {apalai},
    title = {Ritonõpo Omiry},
    url = {http://downloads.dbs.org/downloads/pdf/APYWBT/APYWBT.pdf},
    urldate = {2019-11-09},
    year = {1986}
}

@misc{apalaibibleonline,
    author = {{Wycliffe Bible Translators}},
    title = {Ritonõpo Omiry},
    url = {https://www.bible.com/bible/865},
    urldate = {2020-04-21}
}

@article{arandia2018syllable,
    author = {Cáceres Arandia, Natalia},
    journal = {International Journal of American Linguistics},
    keywords = {maqui},
    number = {2},
    pages = {159–205},
    title = {Syllable Reduction in Ye’kwana: Morphologized Phonology},
    volume = {84},
    year = {2018}
}

@incollection{bakshi1998vowel,
    author = {Bakshi, Indira and Payne, Doris L.},
    editor = {Estrada Fernández, Z. and Acosta Félix, Andrés and Figueroa Esteva, Max and López Cruz, Gerardo},
    address = {Hermosillo, Mexico},
    booktitle = {IV Encuentro Internacional de Lingüística en el Noroeste},
    keywords = {panare},
    pages = {95–115},
    publisher = {Unison},
    title = {Vowel harmony and transitive verb classes in Panare: Where are the consonant-initial roots?},
    volume = {1},
    year = {1998}
}

@misc{barros2018bakairi,
    author = {de Barros, Edir Pina},
    note = {Povos Indígenas no Brasil, Instituto Socioambiental},
    title = {Bakairi},
    url = {https://pib.socioambiental.org/en/Povo:Bakairi},
    urldate = {2020-05-05},
    year = {2018}
}

@book{basso1973kalapalo,
    author = {Basso, Ellen B.},
    address = {New York},
    publisher = {Holt, Rinehart and Winston},
    title = {The Kalapalo Indians of central Brazil},
    year = {1973}
}

@book{basso1977caribspeaking,
    editor = {Basso, Ellen B.},
    address = {Tucson, AZ},
    booktitle = {Carib-Speaking Indians},
    publisher = {University of Arizona Press},
    title = {Carib-Speaking Indians: Culture, Society, and Language},
    year = {1977}
}

@incollection{basso1986quoted,
    author = {Basso, Ellen B.},
    editor = {Sherzer, Joel and Urban, Greg},
    address = {Berlin},
    booktitle = {Narrative South American discourse},
    keywords = {uxc},
    pages = {119–168},
    publisher = {Mouton de Gruyter},
    title = {Quoted dialogues in Kalapalo narrative discourse},
    year = {1986}
}

@article{basso2008epistemic,
    author = {Basso, Ellen B.},
    journal = {Pragmatics},
    keywords = {uxc},
    number = {2},
    pages = {215–252},
    title = {Epistemic deixis in Kalapalo},
    volume = {18},
    year = {2008}
}

@unpublished{basso2012kuikuro,
    author = {Basso, Ellen B.},
    howpublished = {\textsc{ms}},
    keywords = {uxc,grammar},
    title = {A Grammar of Kalapalo, A Southern Cariban Language},
    url = {http://islandora-ailla.lib.utexas.edu/islandora/object/ailla\%3A134166},
    urldate = {2016-01-28},
    year = {2012}
}

@incollection{basso2014compounding,
    author = {Basso, Ellen B.},
    editor = {Danielsen, Swintha and Hannß, Katja and Zúñiga, Fernando},
    address = {Amsterdam},
    booktitle = {Word Formation in South American Languages},
    keywords = {uxc},
    pages = {181–206},
    publisher = {John Benjamins},
    title = {Compounding in Kalapalo, a Southern Cariban language},
    year = {2014}
}

@unpublished{basso2019kalapalo,
    author = {Basso, Ellen B.},
    howpublished = {\textsc{ms}},
    keywords = {uxc,grammar},
    title = {A Grammar of Kalapalo, A Southern Cariban Language},
    url = {http://islandora-ailla.lib.utexas.edu/islandora/object/ailla\%3A134166},
    urldate = {2020-09-28},
    year = {2019}
}

@article{beria2000clasificacion,
    author = {Beria, José},
    journal = {Lingua Americana},
    keywords = {kalina},
    number = {6},
    pages = {16–33},
    title = {Clasificación de las cláusulas adverbiales de la lengua kari’ña},
    year = {2000}
}

@article{beria2001las,
    author = {Beria, José},
    journal = {Opción},
    keywords = {kalina},
    number = {36},
    pages = {30–47},
    title = {Las posibilidades coordinativas de la lengua kari’ña},
    year = {2001}
}

@article{beria2003el,
    author = {Beria, José and Granados, H.},
    journal = {Línguas Indígenas Americanas},
    keywords = {kalina},
    number = {3},
    pages = {7–22},
    title = {El relativo de sujeto en Kari’ña},
    year = {2003}
}

@article{beria2004los,
    author = {Beria, José},
    journal = {Lingua Americana},
    keywords = {kalina},
    number = {14},
    pages = {99–119},
    title = {Los procesos flexivos que modifican la base nominal en kari’ña},
    year = {2004}
}

@proceedings{bls1993proceedings,
    editor = {Peterson, David A.},
    address = {Berkeley},
    publisher = {Braun-Brumfield},
    title = {Proceedings of the Nineteenth Annual Meeting of the Berkeley Linguistics Society: Special Session on Syntactic Issues in Native American Languages},
    year = {1993}
}

@article{bonfim2015inclusiva,
    author = {Bonfim, Evandro de Sousa},
    journal = {Espaço Ameríndio},
    keywords = {bakairi},
    number = {1},
    pages = {35–53},
    title = {A pessoa inclusiva em bakairi: morfologia pronominal e ontologia em línguas caribe},
    volume = {9},
    year = {2015}
}

@book{bruno1996dictionary,
    author = {Bruno, Ana Carla dos Santos},
    address = {Manaus},
    keywords = {waimiri},
    publisher = {Programa {Waimirí-Atroari} / Conevênio {FUNAI}-Eletronorte},
    title = {Dicionário Waimiri-Atroari-Português},
    year = {1996}
}

@book{bruno1996guia,
    author = {Bruno, Ana Carla dos Santos},
    address = {Manaus},
    keywords = {waimiri},
    publisher = {Programa Waimirí-Atroari, Convênio FUNAI / Eletronorte},
    title = {Guia de aprendizagem da língua Waimirí-atroari},
    year = {1996}
}

@article{bruno2003reduplicacao,
    author = {Bruno, Ana Carla},
    journal = {Amerindia},
    number = {28},
    pages = {83–94},
    title = {Reduplicação em Waimiri Atroari},
    year = {2003}
}

@article{bruno2006causative,
    author = {Bruno, Ana Carla dos Santos},
    journal = {Línguas Indígenas Americanas},
    keywords = {waimiri,causative},
    number = {1},
    pages = {101–108},
    title = {The causative construction in Waimiri Atroari},
    volume = {6},
    year = {2006}
}

@article{bruno2009waimiri,
    author = {Bruno, Ana Carla dos Santos},
    issuetitle = {Estudos linguísticos de línguas indígenas brasileiras},
    journal = {ReVEL},
    keywords = {waimiri},
    number = {7},
    title = {Phrase structure, clauses, and word order in Waimiri-Atroari (Carib family)},
    url = {http://www.revel.inf.br/en/edicoes/?id = 16},
    urldate = {2018-06-01},
    volume = {3},
    year = {2009}
}

@article{bruno2010waimiri,
    author = {Bruno, Ana Carla dos Santos},
    journal = {MOARA},
    keywords = {waimiri},
    number = {34},
    pages = {235–262},
    title = {Waimiri Atroari verbal morphology},
    volume = {2},
    year = {2010}
}

@article{bruno2015case,
    author = {Bruno, Ana Carla dos Santos},
    journal = {Revista Linguíʃtica},
    keywords = {waimiri,case},
    number = {2},
    title = {Case Marking in Waimiri Atroari: typical nominative/accusative or nominative with some inverse/split-s features},
    volume = {4},
    year = {2015}
}

@book{cabral2001estudos,
    editor = {Cabral, Ana Suelly Arruda Câmara and Rodrigues, Aryon},
    address = {Belém},
    publisher = {Editora da Universidade Federal do Pará},
    title = {Estudos sobre Línguas Indígenas},
    volumes = {2},
    year = {2001}
}

@proceedings{cabral2002atas,
    editor = {Cabral, Ana Suelly Arruda Câmara and Rodrigues, Aryon D.},
    address = {Belém},
    note = {Atas do I Encontro Internacional do Grupo de Trabalho sobre Línguas Indígenas da ANPOLL},
    publisher = {EDUFPA},
    title = {Línguas indígenas Brasileiras: fonologia, gramática e história},
    volumes = {2},
    year = {2002}
}

@article{cabral2014classificadores,
    author = {Cabral, Ana Suelly Arruda Câmara and Kalapalo, Kaman and Mehinaku Awetí, Makaulaka and de Oliveira, Sanderson Castro Soares and Suruí, Uraan},
    journal = {Revista Brasileira de Lingüística Antropológica},
    number = {1},
    pages = {165–193},
    title = {Classificadores nominais em três línguas indígenas da Amazônia brasileira: ampliando tipologias},
    volume = {6},
    year = {2014}
}

@misc{caceres2014elar,
    author = {Cáceres Arandia, Natalia},
    address = {London},
    institution = {SOAS, Endangered Languages Archive},
    keywords = {maqui},
    title = {Documentation of Ye'kwana in the Erebato river in Venezuela},
    url = {https://www.elararchive.org/dk0264},
    year = {2014}
}

@unpublished{caceres2015absnom,
    author = {Cáceres, Natalia},
    address = {Lyon},
    note = {Paper presented at the Venezuelan Cariban Conference},
    title = {Construcciones basadas en el nominalizador absolutivo *tjapô},
    year = {2015}
}

@unpublished{caceres2016cuentos,
    author = {Cáceres Arandia, Natalia},
    howpublished = {Manuscript},
    title = {Colección de seis cuentos en yabarana},
    year = {2016}
}

@unpublished{caceres2016ortografia,
    author = {Cáceres Arandia, Natalia},
    howpublished = {Manuscript},
    title = {Propuesta de ortografía yabarana},
    year = {2016}
}

@unpublished{caceres2017ergative,
    author = {Cáceres Arandia, Natalia},
    address = {Austin},
    institution = {University of Texas},
    note = {Paper presented at the Conference on Indigenous Languages of {Latin America} VIII},
    title = {Obsolescencia de un sistema innovado: marcación opcional ergativa en yabarana (caribe)},
    year = {2017}
}

@unpublished{caceres2017guia,
    author = {Cáceres Arandia, Natalia},
    howpublished = {Manuscript},
    title = {Guía básica para apoyar y fomentar la comunicación oral en yabarana},
    year = {2017}
}

@unpublished{caceres2017yawarana,
    author = {Cáceres Arandia, Natalia and Gildea, Spike and Mattéi-Müller, Marie-Claude},
    address = {San Antonio},
    institution = {University of Texas},
    note = {Paper presented at the International Conference on Historical Linguistics 23},
    title = {Loss of Inflection in Yawarana (Cariban)},
    year = {2017}
}

@unpublished{caceres2018yawarana,
    author = {Cáceres, Natalia and Gildea, Spike},
    address = {Baños, Colombia},
    note = {Paper presented at Amazónicas VI},
    title = {A first analysis of Tense-Aspect constructions in Yawarana (Cariban)},
    year = {2018}
}

@unpublished{caceres2019calendario,
    author = {Cáceres Arandia, Natalia and Conde, Olga},
    howpublished = {Manuscript},
    title = {Calendario 2020 para practicar yabarana},
    year = {2019}
}

@unpublished{caceres2020flex,
    author = {Cáceres Arandia, Natalia},
    note = {Database in the author's possession.},
    title = {Yawarana FLEx project with partially parsed and glossed texts and corresponding morpheme lexicon from Natalia Cáceres Arandia's own fieldwork},
    year = {2022}
}

@misc{caceres2022yawarana,
    author = {Cáceres Arandia, Natalia},
    address = {Austin},
    institution = {University of Texas, Archive of the Indigenous Languages of Latin America},
    note = {Under curation},
    title = {Yawarana: documentation project collection},
    url = {https://ailla.utexas.org/islandora/object/ailla\%3A254562},
    urldate = {2020-10-14},
    year = {2022}
}

@misc{caceresDByekwana,
    author = {Cáceres Arandia, Natalia},
    note = {Database in the author's possession},
    title = {Ye'kwana Toolbox project with parsed and glossed texts and corresponding morpheme lexicon from Natalia Cáceres Arandia's own fieldwork},
    year = {2020}
}

@misc{caesarDBakawaio,
    author = {Caesar-Fox, Desrey Clementine},
    title = {Akawaio Toolbox Database},
    year = {2003}
}

@book{camacho2010information,
    editor = {Camacho, José and Gutiérrez-Bravo, Rodrigo and Sánchez, Liliana},
    address = {Berlin},
    booktitle = {Information structure in indigenous languages of the Americas},
    publisher = {Mouton de Gruyter},
    title = {Information structure in indigenous languages of the Americas},
    year = {2010}
}

@article{camargo1996wayana,
    author = {Camargo, Eliane},
    journal = {Amerindia},
    keywords = {wayana},
    pages = {115–136},
    title = {Aspects de la phonologie du wayana},
    volume = {21},
    year = {1996}
}

@article{camargo1999appartenance,
    author = {Camargo, Eliane},
    journal = {La Linguistique},
    keywords = {wayana},
    number = {1},
    pages = {97–112},
    title = {La relation d'appartenance en wayana},
    volume = {35},
    year = {1999}
}

@article{camargo2000interaction,
    author = {Camargo, Eliane},
    journal = {Amerindia},
    keywords = {wayana},
    number = {25},
    pages = {1–24},
    title = {Une interaction entre localisation et aspect: Un exemple de -pëkë et -ja/e en wayana},
    year = {2000}
}

@article{camargo2000ordre,
    author = {Camargo, Eliane},
    issuetitle = {L’ordre des mots},
    journal = {Cahiers de Linguistique de l’INALCO},
    keywords = {wayana},
    pages = {147–168},
    title = {L'ordre des constituants en wayana: Langue amérindienne du plateau guyanais},
    volume = {3},
    year = {2000}
}

@article{camargo2001aspects,
    author = {Camargo, Eliane},
    journal = {Amerindia},
    keywords = {apalai},
    number = {26},
    pages = {123–146},
    title = {Aspects de la morphologie apalai dans les constructions d’appartenance},
    year = {2001}
}

@article{camargo2001chants,
    author = {Camargo, Eliane and Rivière, Hervé},
    journal = {Amerindia},
    keywords = {wayana},
    number = {27},
    pages = {87–122},
    title = {Trois chants de guerre wayana},
    volume = {26},
    year = {2001}
}

@book{camargo2002lexico,
    author = {Camargo, Eliane},
    address = {München},
    keywords = {apalai},
    publisher = {Lincom Europa},
    title = {Léxico bilingüe: aparai-português / português-aparai},
    year = {2002}
}

@article{camargo2003operadores,
    author = {Camargo, Eliane},
    journal = {Línguas Indígenas Americanas},
    keywords = {wayana},
    number = {1},
    pages = {85–104},
    title = {Operadores aspectuais de estado marcando o nome em Wayana (Caribe)},
    volume = {8},
    year = {2003}
}

@article{camargo2003relacoes,
    author = {Camargo, Eliane},
    journal = {Amerindia},
    keywords = {wayana},
    number = {28},
    pages = {133–160},
    title = {Relações sintáticas e semânticas na predicação nominal do Wayana: a oração com cópula},
    year = {2003}
}

@incollection{camargo2003verbais,
    author = {Camargo, Eliane},
    editor = {Queixalós, Francesc},
    address = {Brasília, Paris},
    keywords = {wayana},
    pages = {83–100},
    publisher = {Laboratório de Línguas Indígenas, Centre d'études des langues indigènes d'Amérique},
    title = {Classes verbais e semântica dos argumentos em um sistema sintático cindido: o exemplo do Wayana (Caribe)},
    volume = {2},
    year = {2003}
}

@incollection{camargo2006lexical,
    author = {Camargo, Eliane},
    editor = {Lois, Ximena and Vapnarsky, Valentina},
    address = {Bern},
    booktitle = {Lexical categories and root classes in Amerindian languages},
    keywords = {wayana},
    pages = {147–188},
    publisher = {Peter Lang},
    title = {Lexical categories and word formation processes in Wayana (Cariban language)},
    year = {2006}
}

@incollection{camargo2007cindida,
    author = {Camargo, Eliane},
    editor = {Romero-Figueroa, Andrés and Garay, Ana Fernández and Corbera, Angel},
    address = {Caracas},
    booktitle = {Lenguas indígenas de América del Sur},
    keywords = {wayana},
    pages = {111–126},
    publisher = {Universidad Católica Andrés Bello},
    title = {Aspectos da sintaxe cindida em Wayana (Caribe)},
    year = {2007}
}

@article{camargo2008wayana,
    author = {Camargo, Eliane},
    journal = {Campos},
    number = {2},
    pages = {105–137},
    title = {Identidade e Alteridade em Wayana: Uma contribuição linguística},
    volume = {9},
    year = {2008}
}

@book{camargo2010wayana,
    author = {Camargo, Eliane and Tapinkili, Anaiman},
    address = {Paris},
    keywords = {wayana},
    publisher = {CELIA/DRAC-Guyane, TEKUREMAI},
    title = {Hakëne omijau eitop Wajana-Palasisi / Dictionnaire bilingue Wayana-Français},
    year = {2010}
}

@book{camargo2020wayana,
    author = {Camargo, Eliane and Tapinkili, Anaiman},
    address = {Paris},
    keywords = {wayana},
    publisher = {CTHS},
    title = {Wajana Omi Jatëku / Wayana au cœur des mots},
    year = {2020}
}

@incollection{campbell2012classification,
    author = {Campbell, Lyle},
    editor = {Campbell, Lyle and Grondona, Verónica},
    address = {Berlin/New York},
    booktitle = {The Indigenous Languages of South America},
    pages = {59–166},
    publisher = {Mouton de Gruyter},
    series = {The World of Linguistics},
    title = {Classification of the indigenous languages of South America},
    volume = {2},
    year = {2012}
}

@book{campbellgrondona2012indigenous,
    editor = {Campbell, Lyle and Grondona, Verónica},
    address = {Berlin/New York},
    booktitle = {The Indigenous Languages of South America},
    publisher = {Mouton de Gruyter},
    series = {The World of Linguistics},
    title = {The Indigenous Languages of South America: A Comprehensive Guide},
    volume = {2},
    year = {2012}
}

@mastersthesis{campetela1997analise,
    author = {Campetela, Cilene},
    institution = {Universidade Estadual de Campinas},
    keywords = {ikpeng},
    title = {Análise do sistema de marcação de caso nas orações independentes da língua Ikpeng},
    year = {1997}
}

@phdthesis{campetela2002aspectos,
    author = {Campetela, Cilene},
    institution = {Universidade Estadual de Campinas},
    keywords = {ikpeng},
    title = {Aspectos prosódicos da língua Ikpeng},
    year = {2002}
}

@incollection{carlin1997nominal,
    author = {Carlin, Eithne B.},
    editor = {Coerts, Jane A. and de Hoop, Helen},
    address = {Amsterdam},
    booktitle = {Linguistics in the Netherlands 1997},
    keywords = {trio},
    pages = {25–36},
    publisher = {John Benjamins},
    title = {Nominal possession in Trio},
    year = {1997}
}

@book{carlin2002atlas,
    editor = {Carlin, Eithne B. and Arends, Jacques},
    address = {Leiden},
    booktitle = {Atlas of the Languages of Suriname},
    publisher = {KITLV Press},
    title = {Atlas of the Languages of Suriname},
    year = {2002}
}

@incollection{carlin2002patterns,
    author = {Carlin, Eithne B.},
    editor = {Carlin, Eithne B. and Arends, Jacques},
    address = {Leiden},
    booktitle = {Atlas of the Languages of Suriname},
    pages = {47–81},
    publisher = {KITLV Press},
    title = {Patterns of language, patterns of thought: the Cariban languages},
    year = {2002}
}

@article{carlin2003experiencer,
    author = {Carlin, Eithne B.},
    journal = {Amerindia},
    keywords = {trio},
    number = {28},
    pages = {161–82},
    title = {The experiencer role in the expression of mental states and activities in Trio},
    year = {2003}
}

@incollection{carlin2006verbalizers,
    author = {Carlin, Eithne B.},
    editor = {Rowicka, Grazyna J. and Carlin, Eithne B.},
    address = {Utrecht},
    booktitle = {What's in a verb},
    keywords = {trio},
    pages = {143–157},
    publisher = {LOT},
    title = {The verbalizers in Trio (Cariban): a semantic description},
    year = {2006}
}

@incollection{carlin2009truth,
    author = {Carlin, Eithne B.},
    editor = {Wetzels, W. Leo},
    address = {Utrecht},
    booktitle = {The linguistics of endangered languages},
    keywords = {wayana},
    pages = {135–150},
    publisher = {LOT},
    title = {Truth and knowledge markers in Wayana (Cariban), Suriname},
    year = {2009}
}

@book{carlin2010lingarch,
    editor = {Carlin, Eithne B. and van de Kerke, Simon},
    address = {Leiden},
    booktitle = {Linguistics and archaeology in the Americas},
    publisher = {Brill},
    title = {Linguistics and archaeology in the Americas: The historization of language and society},
    year = {2010}
}

@article{carlin2011theticity,
    author = {Carlin, Eithne B.},
    journal = {International Journal of American Linguistics},
    keywords = {trio},
    number = {1},
    pages = {1–31},
    title = {Theticity in Trio (Cariban)},
    volume = {77},
    year = {2011}
}

@incollection{carlin2014guianas,
    author = {Carlin, Eithne B. and Mans, Jimmy},
    editor = {Carlin, Eithne B. and Léglise, Isabelle and Migge, Bettina and Fat, Paul B. Tjon Sie},
    address = {Leiden},
    booktitle = {In and Out of Suriname},
    pages = {76–100},
    publisher = {Brill},
    title = {Movement through Time in the Southern Guianas: Deconstructing the Amerindian Kaleidoscope},
    year = {2014}
}

@book{carlin2014suriname,
    editor = {Carlin, Eithne B. and Léglise, Isabelle and Migge, Bettina and Fat, Paul B. Tjon Sie},
    address = {Leiden},
    booktitle = {In and Out of Suriname},
    publisher = {Brill},
    title = {In and Out of Suriname: Language, Mobility and Identity},
    year = {2014}
}

@article{cauty1977panare,
    author = {Cauty, A.},
    journal = {Amerindia},
    keywords = {panare},
    pages = {85–103},
    title = {An approach to the phonological and syllabic systems of the Panare language},
    volume = {3},
    year = {1978}
}

@article{chagas2019ikpeng,
    author = {Chagas, Angela Fabíola Alves and Txicão, Ayre and Txicão, Kay and Txicão, Maiua},
    journal = {Revista Linguíʃtica},
    keywords = {ikpeng},
    number = {1},
    pages = {303–335},
    title = {Ikpeng: Puron Mïran / História do sapo},
    volume = {15},
    year = {2019}
}

@mastersthesis{chavier1999aspectos,
    author = {Chavier, M.},
    institution = {Universidad del Zulia},
    keywords = {maqui},
    title = {Aspectos de la morfología del Ye’kwana},
    year = {1999}
}

@book{clarknamedictionary,
    author = {Clark, Patricia Roberts},
    address = {Jefferson, North Carolina},
    publisher = {McFarland},
    title = {Tribal Names of the Americas: Spelling Variants and Alternative Forms, Cross-Referenced},
    year = {2009}
}

@book{coerts1997netherlands,
    editor = {Coerts, Jane A. and de Hoop, Helen},
    address = {Amsterdam},
    booktitle = {Linguistics in the Netherlands 1997},
    publisher = {John Benjamins},
    title = {Linguistics in the Netherlands 1997},
    year = {1997}
}

@book{comrie2014contact,
    editor = {Comrie, Bernard and Golluscio, Lucia},
    address = {Berlin},
    booktitle = {Language Contact and Documentation / Contacto lingüístico y documentación},
    publisher = {Walter de Gruyter},
    title = {Language Contact and Documentation / Contacto lingüístico y documentación},
    year = {2014}
}

@book{coudreau1892vocab,
    author = {Coudreau, Henri},
    address = {Paris},
    keywords = {wayana},
    publisher = {Maisonneuve},
    series = {Bibliothèque Linguistique Américaine},
    title = {Vocabulaires Méthodiques des Langues Ouayana, Aparaï, Oyampi, Émérillon},
    volume = {XV},
    year = {1892}
}

@book{coudreau1901voyage,
    author = {Coudreau, Olive},
    address = {Paris},
    publisher = {A. Lahure},
    title = {Voyage au Cuminá: 20 Avril 1900 -- 7 Septembre 1900},
    year = {1901}
}

@book{courtz2008carib,
    author = {Courtz, Henk},
    address = {Toronto},
    keywords = {kalina,grammar},
    publisher = {Magoria Books},
    title = {A Carib grammar and dictionary},
    year = {2008}
}

@incollection{crevels,
    author = {Crevels, Mily},
    editor = {Campbell, Lyle and Grondona, Verónica},
    address = {Berlin/New York},
    booktitle = {The Indigenous Languages of South America},
    pages = {167–233},
    publisher = {Mouton de Gruyter},
    series = {The World of Linguistics},
    title = {Language endangerment in South America: The clock is ticking},
    volume = {2},
    year = {2012}
}

@proceedings{crevels2002current,
    editor = {Crevels, Mily and Crevels, Mily and Meira, Sérgio and van der Voort, Hein},
    address = {Leiden},
    publisher = {Research institution of Asian, African, and Amerindian Studies (CNWS)},
    title = {Current Studies on South American Languages: Selected papers from the 50th International Congress of Americanists in Warsaw and the Spinoza Workshop on Amerindian Languages in Leiden},
    year = {2002}
}

@incollection{cruz2002posse,
    author = {Cruz, Odileiz Souza},
    editor = {Cabral, Ana Suelly Arruda Câmara and Rodrigues, Aryon D.},
    address = {Belém},
    keywords = {kapon},
    note = {Atas do I Encontro Internacional do Grupo de Trabalho sobre Línguas Indígenas da ANPOLL},
    pages = {13–21},
    publisher = {EDUFPA},
    title = {Posse do nome em Ingarikó},
    volume = {2},
    volumes = {2},
    year = {2002}
}

@phdthesis{cruz2005fonologia,
    author = {Cruz, Maria Odileiz Sousa},
    institution = {Vrije Universiteit Amsterdam},
    keywords = {kapon,grammar},
    title = {Fonologia e gramática Ingarikó: Kaʔpon-Brasil},
    year = {2005}
}

@phdthesis{cunha2004macushi,
    author = {Cunha, Carla Maria},
    institution = {Universidade Estadual de Campinas},
    keywords = {macushi},
    title = {Um estudo de fonologia da língua Makuxi (karib): inter-relações das teorias fonológicas},
    year = {2004}
}

@proceedings{deal2007proceedings,
    editor = {Deal, A.R. and Association, Graduate Linguistics Student},
    address = {Amherst},
    institution = {University of Massachusetts},
    title = {Proceedings of SULA 4: Semantics of Under-represented Languages in the Americas},
    year = {2007}
}

@book{degoeje1909etudes,
    author = {de Goeje, Claudius Henricus},
    address = {Amsterdam},
    publisher = {Koninklijke Akademie van Wetenschappen te Amsterdam},
    title = {Études linguistiques caraïbes},
    volume = {1},
    year = {1909}
}

@book{degoeje1946etudes,
    author = {de Goeje, Claudius Henricus},
    address = {Amsterdam},
    publisher = {Koninklijke Akademie van Wetenschappen te Amsterdam},
    title = {Études linguistiques caraïbes},
    volume = {2},
    year = {1946}
}

@incollection{degoeje1946wayana,
    author = {de Goeje, Claudius Henricus},
    address = {Amsterdam},
    booktitle = {Études linguistiques caribes},
    pages = {100–238},
    publisher = {Koninklijke Akademie van Wetenschappen te Amsterdam},
    title = {Grammaire et vocabulaire de la langue Oayana 1937},
    volume = {2},
    year = {1946}
}

@misc{dequeiroz2018hixka,
    author = {de Queiroz, Ruben Caixeta},
    note = {Povos Indígenas no Brasil, Instituto Socioambiental},
    title = {Hixkaryana},
    url = {https://pib.socioambiental.org/en/Povo:Hixkaryana},
    urldate = {2020-05-05},
    year = {2018}
}

@book{derbypullumhandbook1,
    editor = {Derbyshire, Desmond C. and Pullum, Geoffrey K.},
    address = {Berlin/New York},
    booktitle = {Handbook of Amazonian Languages},
    publisher = {Mouton de Gruyter},
    title = {Handbook of Amazonian Languages},
    volume = {1},
    year = {1986}
}

@book{derbypullumhandbook2,
    editor = {Derbyshire, Desmond C. and Pullum, Geoffrey K.},
    address = {Berlin/New York},
    booktitle = {Handbook of Amazonian Languages},
    publisher = {Mouton de Gruyter},
    title = {Handbook of Amazonian Languages},
    volume = {2},
    year = {1990}
}

@book{derbypullumhandbook3,
    editor = {Derbyshire, Desmond C. and Pullum, Geoffrey K.},
    address = {Berlin/New York},
    booktitle = {Handbook of Amazonian Languages},
    publisher = {Mouton de Gruyter},
    title = {Handbook of Amazonian Languages},
    volume = {3},
    year = {1991}
}

@book{derbypullumhandbook4,
    editor = {Derbyshire, Desmond C. and Pullum, Geoffrey K.},
    address = {Berlin/New York},
    booktitle = {Handbook of Amazonian Languages},
    publisher = {Mouton de Gruyter},
    title = {Handbook of Amazonian Languages},
    volume = {4},
    year = {1998}
}

@article{derbyshire1961hixkaryana,
    author = {Derbyshire, Desmond C.},
    journal = {International Journal of American Linguistics},
    keywords = {hixka},
    number = {2--3},
    pages = {125–142,226–236},
    title = {Hixkaryana (Carib) syntax structure},
    volume = {27},
    year = {1961}
}

@article{derbyshire1961hixkaryana2,
    author = {Derbyshire, Desmond C.},
    journal = {International Journal of American Linguistics},
    keywords = {hixka},
    pages = {226–236},
    title = {Hixkaryana (Carib) syntax strucure, II},
    volume = {27},
    year = {1961}
}

@book{derbyshire1965textos,
    author = {Derbyshire, Desmond C.},
    address = {Belém},
    journal = {MPEG, Publicações Avulsas},
    keywords = {hixka},
    publisher = {MPEG},
    series = {Publicações Avulsas},
    title = {Textos Hixkaryâna},
    volume = {3},
    year = {1965}
}

@article{derbyshire1977ovs,
    author = {Derbyshire, Desmond C.},
    journal = {Linguistic Inquiry},
    keywords = {hixka},
    number = {3},
    pages = {590–599},
    title = {Word order Universals and the existence of OVS languages},
    volume = {8},
    year = {1977}
}

@article{derbyshire1981objectinitial,
    author = {Derbyshire, Desmond C. and Pullum, Geoffrey K.},
    journal = {International Journal of American Linguistics},
    number = {3},
    pages = {192–214},
    title = {Object-initial languages},
    volume = {47},
    year = {1981}
}

@incollection{derbyshire1986topic,
    author = {Derbyshire, Desmond C.},
    editor = {Sherzer, Joel and Urban, Greg},
    address = {Amsterdam},
    booktitle = {Native South American discourse},
    keywords = {hixka},
    pages = {237–306},
    publisher = {Mouton de Gruyter},
    title = {Topic continuity and OVS order in Hixkaryana},
    year = {1986}
}

@article{derbyshire1987areal,
    author = {Derbyshire, Desmond C.},
    journal = {International Journal of American Linguistics},
    number = {3},
    pages = {311–326},
    title = {Morphosyntactic areal characteristics of Amazonian languages},
    volume = {53},
    year = {1987}
}

@incollection{derbyshire1990nounclass,
    author = {Derbyshire, Desmond C. and Payne, Doris L.},
    editor = {Payne, Doris L.},
    address = {Austin},
    booktitle = {Amazonian linguistics},
    pages = {243–271},
    publisher = {University of Texas Press},
    title = {Noun classification systems of Amazonian languages},
    year = {1990}
}

@inproceedings{derbyshire1991ergsystem,
    author = {Derbyshire, Desmond C.},
    booktitle = {Work Papers of the Summer Institute of Linguistics, University of North Dakota Session},
    pages = {1–30},
    title = {Are Cariban languages moving away from or toward ergative systems?},
    volume = {35},
    year = {1991}
}

@incollection{derbyshire1999carib,
    author = {Derbyshire, Desmond C.},
    editor = {Dixon, R.M.W. and Aikhenvald, Alexandra Y.},
    address = {Cambridge},
    booktitle = {The Amazonian Languages},
    pages = {23–64},
    publisher = {Cambridge University Press},
    title = {Carib},
    year = {1999}
}

@book{desousa1875para,
    author = {de Sousa, Francisco Bernardino},
    address = {Rio de Janeiro},
    publisher = {Typographia Nacional},
    title = {Pará e Amazonas},
    year = {1875}
}

@mastersthesis{desouza1988arara,
    author = {de Souza, Isaac Costa},
    institution = {Universidade Estadual de Campinas},
    keywords = {arara},
    title = {Contribuição para a fonologia da língua Arara (Karib)},
    year = {1988}
}

@mastersthesis{desouza2010arara,
    author = {de Souza, Shirley Dias Cardoso},
    institution = {University of North Dakota},
    keywords = {arara},
    title = {The morphology of nouns in the Ugoroŋmo language (Arara of Pará)},
    year = {2010}
}

@mastersthesis{desouza2010pettalk,
    author = {de Souza, Isaac Costa},
    institution = {University of North Dakota},
    keywords = {arara},
    title = {A phonological description of “Pet Talk” in Arara},
    year = {2010}
}

@book{dixon1999amazonian,
    editor = {Dixon, R.M.W. and Aikhenvald, Alexandra Y.},
    address = {Cambridge},
    booktitle = {The Amazonian Languages},
    publisher = {Cambridge University Press},
    title = {The Amazonian Languages},
    year = {1999}
}

@mastersthesis{douglas2019formal,
    author = {Douglas, Jordan A.G.},
    institution = {University of Oregon},
    title = {A Formal and Semantic Reconstruction of Cariban Postpositions},
    type = {bathesis},
    year = {2019}
}

@misc{dovale2018waimiri,
    author = {Do Vale, Maria Carmen R.},
    note = {Povos Indígenas no Brasil, Instituto Socioambiental},
    title = {Waimiri Atroari},
    url = {https://pib.socioambiental.org/en/Povo:Waimiri\_Atroari},
    urldate = {2020-05-05},
    year = {2018}
}

@article{durbin1973note,
    author = {Durbin, Marshall and Seijas, Haydée},
    journal = {International Journal of American Linguistics},
    number = {1},
    pages = {47–51},
    title = {A Note on Panche, Pijao, Pantagora (Palenque), Colima and Muzo},
    volume = {39},
    year = {1973}
}

@article{durbin1973proto,
    author = {Durbin, Marshall and Seijas, Haydée},
    journal = {International Journal of American Linguistics},
    keywords = {carijo},
    number = {1},
    pages = {22–31},
    title = {Proto Hianacoto: Guaque-Carijona-Hianacoto Umaua},
    volume = {39},
    year = {1973}
}

@inproceedings{durbin1975yukpa,
    author = {Durbin, Marshall and Seijas, Haydée},
    editor = {Cerulli, Ernesta and Della Ragione, Gilda},
    address = {Genoa},
    booksubtitle = {Atti del XL Congresso Internazionale degli Americanisti},
    booktitle = {Linguistica - Folklore - Storia americana - Sociologia},
    pages = {69–77},
    publisher = {Tilgher},
    title = {The Phonological Structure of the Western Carib Languages of the Sierra de Perijá, Venezuela},
    volume = {3},
    year = {1975}
}

@incollection{durbin1977carib,
    author = {Durbin, Marshall},
    editor = {Basso, Ellen B.},
    address = {Tucson, AZ},
    booktitle = {Carib-Speaking Indians},
    keywords = {overview},
    pages = {23–38},
    publisher = {University of Arizona Press},
    title = {The Carib language family},
    year = {1977}
}

@incollection{durbin1985survey,
    author = {Durbin, Marshall},
    editor = {Klein, Harriet E. Manelis and Stark, Louisa},
    address = {Austin},
    booktitle = {South American Indian Languages},
    keywords = {overview},
    pages = {325–370},
    publisher = {Texas University Press},
    title = {A survey of the Carib language family},
    year = {1985}
}

@book{edwards1980short,
    author = {Edwards, W.F.},
    address = {Georgetown},
    keywords = {kapon,pemon},
    publisher = {University of Guyana},
    title = {A short grammar and dictionary of the Akawaio and Arekuna languages of Guyana},
    year = {1980}
}

@article{ehrenreich1895,
    author = {Ehrenreich, Paul},
    journal = {Zeitschrift für Ethnologie},
    pages = {149–176},
    title = {Materialien zur Sprachenkunde Brasiliens},
    volume = {27},
    year = {1895}
}

@book{encyclopedia2006,
    editor = {Brown, Keith and Anderson, Anne and Bauer, Laurie and Berns, Margie and Miller, Jim and Hirst, Graeme},
    address = {Amsterdam},
    booktitle = {Encyclopedia of Language and Linguistics},
    publisher = {Elsevier},
    title = {Encyclopedia of Language and Linguistics},
    volume = {1},
    year = {2006}
}

@phdthesis{eriksen2011nature,
    author = {Eriksen, Love},
    institution = {Lund University},
    title = {Nature and culture in prehistoric Amazonia: Using G.I.S. to reconstruct ancient ethnogenetic processes from archaeology, linguistics, geography, and ethnohistory},
    year = {2011}
}

@article{escoriaza1959maqui,
    author = {de Escoriaza, Damián},
    journal = {Antropológica},
    keywords = {maqui},
    pages = {7–46},
    title = {Datos lingüisticos de la lengua Makiritare},
    volume = {6},
    year = {1959}
}

@article{escoriaza1960maqui,
    author = {de Escoriaza, Damián},
    journal = {Antropológica},
    keywords = {maqui},
    pages = {61–70},
    title = {Algunos datos linguisticos mas sobre la lengua Makiritare},
    volume = {7},
    year = {1960}
}

@misc{ethnologueonline,
    editor = {Simons, Gary F. and Fennig, Charles D.},
    address = {Dallas, Texas},
    edition = {22},
    publisher = {SIL International},
    title = {Ethnologue: Languages of the World},
    url = {http://www.ethnologue.com},
    year = {2019}
}

@inbook{fabrecarib,
    author = {Fabre, Alain},
    booktitle = {Diccionario etnolingüístico y guía bibliográfica de los pueblos indígenas sudamericanos},
    title = {Caribe},
    url = {http://ling.fi/Entradas\%20diccionario/Dic=Caribe.pdf},
    urldate = {2017-04-16},
    year = {2005}
}

@book{farabee1924central,
    author = {Farabee, William Curtis},
    address = {Philadelphia},
    publisher = {The University Museum},
    title = {The Central Caribs},
    year = {1924}
}

@inproceedings{franchetto1977classes,
    author = {Franchetto, Bruna},
    address = {Rio de Janeiro},
    booktitle = {Atas do II Encontro Nacional de Lingüística},
    keywords = {uxc},
    pages = {116–144},
    title = {Classes semânticas na língua Kuikúru},
    year = {1977}
}

@incollection{franchetto1981lovers,
    author = {Franchetto, Bruna},
    editor = {{The Language Archive}},
    booktitle = {Kuikuro Team},
    keywords = {uxc},
    note = {Audio, Video, Text},
    title = {A desafortunate encounter between lovers},
    url = {https://hdl.handle.net/1839/00-0000-0000-0001-37FE-0},
    urldate = {2020-01-14},
    year = {1981}
}

@article{franchetto1983generosverbais,
    author = {Franchetto, Bruna},
    journal = {Cadernos de Estudos Lingüísticos},
    keywords = {uxc},
    number = {4},
    pages = {45–72},
    title = {A fala do chefe: gêneros verbais entre os Kuikuru do Alto Xingu},
    year = {1983}
}

@phdthesis{franchetto1986kuikuro,
    author = {Franchetto, Bruna},
    institution = {Museu Nacional da Universidade Federal do Rio de Janeiro},
    keywords = {kuikuro,grammar},
    title = {Falar Kuikúru: Estudo Etnolinguistico de um grupo Karíbe do Alto Xingu},
    year = {1986}
}

@phdthesis{franchetto1986kuikurotexts,
    author = {Franchetto, Bruna},
    institution = {Museu Nacional da Universidade Federal do Rio de Janeiro},
    keywords = {kuikuro,grammar},
    title = {Falar Kuikúru: Estudo Etnolinguistico de um grupo Karíbe do Alto Xingu. Volume III: Fonologia e Textos},
    year = {1986}
}

@article{franchetto1990ergatividade,
    author = {Franchetto, Bruna},
    journal = {Cadernos de Estudos Lingüísticos},
    keywords = {uxc},
    number = {18},
    pages = {57–77},
    title = {A ergatividade Kuikúro (karibe): algumas propostas de análise},
    year = {1990}
}

@incollection{franchetto1990ergativity,
    author = {Franchetto, Bruna},
    editor = {Payne, Doris L.},
    address = {Austin},
    booktitle = {Amazonian linguistics},
    keywords = {uxc},
    pages = {407–427},
    publisher = {University of Texas Press},
    title = {Ergativity and nominativity in Kuikúro and other Carib languages},
    year = {1990}
}

@inproceedings{franchetto1991ergatividade,
    author = {Franchetto, Bruna},
    address = {Porto Alegre},
    booktitle = {Anais do V Encontro Nacional da ANPOLL},
    pages = {256–264},
    title = {A ergatividade em línguas Karibe: uma hipótese explicativa},
    year = {1991}
}

@incollection{franchetto1991phonology,
    author = {Franchetto, Bruna},
    editor = {Menezes, H. Peixoto and de M. Mollica, M. Cecília},
    address = {Rio de Janeiro},
    booksubtitle = {Panorama fonológico de algumas línguas do mundo},
    booktitle = {Fonética e fonologia},
    keywords = {uxc},
    pages = {69–71},
    publisher = {UFRJ, Faculdade de Letras},
    title = {Kuikuro: fonologia},
    year = {1991}
}

@article{franchetto1994ergatividade,
    author = {Franchetto, Bruna},
    journal = {Revista Latinoamericana de Estudios Etnolingüísticos},
    keywords = {uxc},
    number = {8},
    pages = {7–16},
    title = {A ergatividade Kuikúro: quadro geral, hipóteses explicativas e uma visão comparativa},
    year = {1994}
}

@incollection{franchetto1995phonology,
    author = {Franchetto, Bruna},
    editor = {Wetzels, Leo},
    address = {Rio de Janeiro},
    booktitle = {Estudos fonológicos das línguas indígenas brasileiras},
    pages = {53–83},
    publisher = {Universidade Federal do Rio de Janeiro Editora},
    title = {Processos fonológicos en Kuikúro: uma visão auto-segmental},
    year = {1995}
}

@incollection{franchetto2000linguas,
    author = {Franchetto, Bruna},
    address = {Rio de Janeiro},
    booktitle = {Os povos do Alto Xingu},
    pages = {111–156},
    publisher = {Editora da UFRJ},
    title = {Línguas e história no Alto Xingu},
    year = {2000}
}

@book{franchetto2000povos,
    author = {Franchetto, Bruna},
    address = {Rio de Janeiro},
    booktitle = {Os povos do Alto Xingu},
    publisher = {Editora da UFRJ},
    title = {Os povos do Alto Xingu: história e cultura},
    year = {2000}
}

@incollection{franchetto2001estruturas,
    author = {Franchetto, Bruna and Santos, Mara},
    editor = {Cabral, Ana Suelly Arruda Câmara and Rodrigues, Aryon},
    address = {Belém},
    keywords = {uxc},
    pages = {101–115},
    publisher = {Editora da Universidade Federal do Pará},
    title = {Estruturas argumentais em Kuikuro (Karib do Alto Xingu)},
    volume = {1},
    volumes = {2},
    year = {2001}
}

@incollection{franchetto2002bodyparts,
    author = {Franchetto, Bruna},
    editor = {{The Language Archive}},
    booktitle = {Kuikuro Team},
    keywords = {uxc},
    note = {Audio, Video, Text},
    title = {Body parts terminology},
    url = {https://hdl.handle.net/1839/00-0000-0000-0001-37FE-0},
    urldate = {2020-01-14},
    year = {2002}
}

@incollection{franchetto2002kuikuro,
    author = {Franchetto, Bruna},
    editor = {Queixalós, Francesc},
    address = {Brasília, Paris},
    keywords = {uxc},
    publisher = {Laboratório de Línguas Indígenas, Centre d'études des langues indigènes d'Amérique},
    title = {Kuikuro: uma língua ergativa no ramo meridional da família Karib (Alto Xingu)},
    volume = {1},
    year = {2002}
}

@unpublished{franchetto2003classificacao,
    author = {Franchetto, Bruna},
    address = {Santiago de Chile},
    note = {Paper presented at the Symposium “Lenguas indígenas de América del Sur. Lingüística descriptiva e histórico-comparativa, sociolingüística y filológica”, 51th International Congress of Americanists},
    title = {As línguas Karib do Sul: uma tentativa de classificação},
    year = {2003}
}

@incollection{franchetto2003natureza,
    author = {Franchetto, Bruna},
    editor = {Queixalós, Francesc},
    address = {Brasília, Paris},
    keywords = {uxc},
    publisher = {Laboratório de Línguas Indígenas, Centre d'études des langues indigènes d'Amérique},
    title = {Natureza dos argumentos e mudança de valência a partir de uma classificação (semântica) dos “verbos” Kuikuro},
    volume = {2},
    year = {2003}
}

@unpublished{franchetto2003raices,
    author = {Franchetto, Bruna},
    address = {Santiago de Chile},
    note = {Paper presented at the Symposium “Polivalencia de las raíces lexicales en las lenguas amerindias”, 51th International Congress of Americanists},
    title = {¿Raíces polivalentes o raíces acategoriales?: Léxico y gramática en la lengua Kuikuro (Caribe de Amazonía meridional)},
    year = {2003}
}

@article{franchetto2004autre,
    author = {Franchetto, Bruna},
    journal = {Amerindia},
    number = {28},
    pages = {213–248},
    title = {L’autre du même: parallélisme et grammaire dans l’art verbal des récits Kuikuro (caribe du Haut Xingu, Brésil)},
    year = {2004}
}

@incollection{franchetto2004coreferentiality,
    author = {Franchetto, Bruna},
    editor = {Queixalós, Francesc},
    address = {Brasília, Paris},
    keywords = {uxc},
    publisher = {Laboratório de Línguas Indígenas, Centre d'études des langues indigènes d'Amérique},
    title = {Coreferentiality in Kuikuro (Southern Carib, Brazil)},
    volume = {3},
    year = {2004}
}

@incollection{franchetto2006roots,
    author = {Franchetto, Bruna},
    editor = {Lois, Ximena and Vapnarsky, Valentina},
    address = {Bern},
    booktitle = {Lexical categories and root classes in Amerindian languages},
    keywords = {uxc},
    pages = {33–68},
    publisher = {Peter Lang},
    title = {Are Kuikuro roots lexical categories?},
    year = {2006}
}

@inproceedings{franchetto2007concepts,
    author = {Franchetto, Bruna and Mehinaku, Mutuá and Santos, Mutuá},
    editor = {Deal, A.R. and Association, Graduate Linguistics Student},
    address = {Amherst},
    booktitle = {Proceedings of SULA 4: Semantics of Under-represented Languages in the Americas},
    institution = {University of Massachusetts},
    pages = {99–116},
    title = {Concepts and forms of ‘plurality’ in Kuikuro (Southern Carib, Brazil)},
    year = {2007}
}

@incollection{franchetto2007parole,
    author = {Franchetto, Bruna},
    editor = {Guentchéva, Zlatka and Landaburu, Jon},
    address = {Paris},
    booktitle = {L'énonciation Médiatisée II. Le Traitement Épistémologique de L'information},
    pages = {173–204},
    publisher = {Peeters},
    series = {Bibliothèque de l’Information Grammaticale},
    title = {Les marques de la parole vraie en Kuikuro, langue caribe du Haut-Xingu (Brésil)},
    volume = {63},
    year = {2007}
}

@article{franchetto2008absolutivo,
    author = {Franchetto, Bruna},
    journal = {Amerindia},
    number = {32},
    pages = {37–56},
    title = {Absolutivo e ergativo pensados a partir do Kuikuro},
    year = {2008}
}

@article{franchetto2009tempo,
    author = {Franchetto, Bruna},
    issuetitle = {Estudos linguísticos de línguas indígenas brasileiras},
    journal = {ReVEL},
    keywords = {uxc},
    number = {3},
    title = {Tempo nominal em Kuikuro (Karib Alto-Xinguano)},
    volume = {7},
    year = {2009}
}

@incollection{franchetto2010cartography,
    author = {Franchetto, Bruna and Santos, Mara},
    editor = {Camacho, José and Gutiérrez-Bravo, Rodrigo and Sánchez, Liliana},
    address = {Berlin},
    booktitle = {Information structure in indigenous languages of the Americas},
    pages = {87–114},
    publisher = {Mouton de Gruyter},
    title = {Cartography of expanded CP in Kuikuro (Southern Carib, Brazil)},
    year = {2010}
}

@incollection{franchetto2010ergativity,
    author = {Franchetto, Bruna},
    editor = {Gildea, Spike and Queixalós, Francesc},
    address = {Amsterdam},
    booktitle = {Ergativity in Amazonia},
    keywords = {uxc},
    pages = {121–158},
    publisher = {John Benjamins},
    title = {The ergativity effect in Kuikuro (Southern Carib, Brazil)},
    year = {2010}
}

@book{franchetto2011alto,
    editor = {Franchetto, Bruna},
    address = {Rio de Janeiro},
    booktitle = {Alto Xingu},
    publisher = {Museu do Índio},
    title = {Alto Xingu: Uma sociedade multilíngüe},
    year = {2011}
}

@unpublished{franchetto2016classes,
    author = {Franchetto, Bruna and Meira, Sérgio},
    address = {Universidad Nacional de Colombia en Amazonia, Leticia},
    note = {Talk held at Amazónicas VI},
    title = {A phonological hypothesis on the historical origin of Kuikuro and Bakairi verb classes},
    year = {2016}
}

@incollection{franchetto2017kuikuro,
    author = {Franchetto, Bruna and Fausto, Carlos and {Kuikuro}, Ájahi and {Kuikuro} Mehinaku, Jamalui},
    editor = {Stenzel, Kristine and Franchetto, Bruna},
    address = {Berlin},
    booktitle = {On this and other worlds},
    keywords = {uxc},
    pages = {23–88},
    publisher = {Language Science Press},
    title = {Kuikuro},
    year = {2017}
}

@article{frikel1958classificaccao,
    author = {Frikel, Frei Protásio},
    journal = {Revista de Antropologia},
    number = {2},
    pages = {113–188},
    title = {Classificação lingüístico-etnológica das tribos indígenas do Pará setentrional e zonas adjacentes},
    volume = {6},
    year = {1958}
}

@article{galvao1965txikao,
    author = {Galvão, Eduardo and Simões, Mário F.},
    journal = {Boletim do Museu Paraense Emílio Goeldi, Série Antropologia},
    pages = {1–23},
    title = {Noticia sobre os Indios Txikão - Alto Xingu},
    volume = {24},
    year = {1965}
}

@mastersthesis{garcia1995tiempo,
    author = {García, Iria},
    institution = {Universidad del Zulia},
    keywords = {yukpa},
    title = {El tiempo lingüístico y el aspecto en la lengua yukpa},
    year = {1995}
}

@mastersthesis{garcia2006diccionario,
    author = {García Ferrer, Donaldo José},
    institution = {Universidad del Zulia},
    keywords = {pemon},
    title = {Diccionario piloto pemón-español},
    type = {bathesis},
    year = {2006}
}

@mastersthesis{gildea1989panare,
    author = {Gildea, Spike},
    institution = {University of Oregon},
    keywords = {panare,clauses},
    title = {Simple and Relative Clauses in Panare},
    year = {1989}
}

@inproceedings{gildea1989panarenmlz,
    author = {Gildea, Spike},
    editor = {Carlson, Robert and DeLancey, Scott and Gildea, Spike and Payne, Doris and Saxena, Anju Saxena},
    booktitle = {Proceedings of the Fourth Pacific Linguistic Conference},
    keywords = {panare},
    pages = {165–189},
    title = {Structural correlates to functional change: a Panare nominalizer surfaces as main clause aspect},
    year = {1989}
}

@phdthesis{gildea1992comparative,
    author = {Gildea, Spike},
    institution = {University of Oregon},
    keywords = {proto-cariban,ergative},
    title = {Comparative Cariban Morphosyntax: On the Genesis of Ergativity in Independent Clauses},
    year = {1992}
}

@inproceedings{gildea1993counteruni,
    author = {Gildea, Spike},
    editor = {Bernstein, Michael},
    address = {Ithaca},
    booktitle = {Proceedings of the Eastern States Conference on Linguistics},
    keywords = {proto-cariban,ergative},
    pages = {101–116},
    publisher = {Cornell Department of Modern Languages and Linguistics},
    title = {On the genesis of a counter-universal pattern of split ergativity in the Cariban family},
    year = {1993}
}

@article{gildea1993developmentpanare,
    author = {Gildea, Spike},
    doi = {10.1075/sl.17.1.03gil},
    journal = {Studies in Language},
    keywords = {panare},
    number = {1},
    pages = {53–74},
    title = {The development of tense markers from demonstrative pronouns in Panare (Cariban)},
    volume = {17},
    year = {1993}
}

@article{gildea1993rigid,
    author = {Gildea, Spike},
    journal = {International Journal of American Linguistics},
    keywords = {panare},
    number = {1},
    pages = {44–63},
    title = {The Rigid VS Order in Panare (Cariban): A Historical Explanation},
    volume = {59},
    year = {1993}
}

@article{gildea1994agtnmlz,
    author = {Gildea, Spike},
    journal = {Revista Latinoamericana de Estudios Etnolingüísticos},
    keywords = {proto-cariban},
    pages = {163–177},
    title = {The proto-Cariban and Tupí-Guaraní object nominalizing prefix},
    volume = {8},
    year = {1994}
}

@unpublished{gildea1994akuriyo,
    author = {Gildea, Spike},
    keywords = {akuriyo},
    title = {Akuriyó field notes},
    year = {1994}
}

@incollection{gildea1994inversion,
    author = {Gildea, Spike},
    editor = {Givón, Talmy},
    address = {Amsterdam/Philadelphia},
    booktitle = {Voice and inversion},
    keywords = {kalina},
    pages = {187–230},
    publisher = {John Benjamins},
    title = {Semantic and pragmatic inverse: ‘Inverse alignment’ and ‘inverse voice’ in Carib of Surinam},
    year = {1994}
}

@article{gildea1995reduction,
    author = {Gildea, Spike},
    journal = {International Journal of American Linguistics},
    keywords = {overview,proto-cariban,phonology},
    number = {1},
    pages = {62–102},
    title = {A Comparative Description of Syllable Reduction in the Cariban Language Family},
    volume = {61},
    year = {1995}
}

@incollection{gildea1997ergativity,
    author = {Gildea, Spike},
    editor = {Bybee, Joan L. and Haiman, John and Thompson, Sandra A.},
    address = {Amsterdam},
    booksubtitle = {Dedicated to {T. Givón}},
    booktitle = {Essays on Language Function and Language Type},
    keywords = {proto-cariban},
    pages = {145–162},
    publisher = {John Benjamins Publishing Company},
    title = {Introducing Ergative Word Order via Reanalysis: Word Order Chance in the Cariban Family},
    year = {1997}
}

@incollection{gildea1997relationevolution,
    author = {Gildea, Spike},
    editor = {Givón, T.},
    address = {Amsterdam},
    booksubtitle = {A functionalist perspective},
    booktitle = {Grammatical Relations},
    keywords = {proto-cariban},
    pages = {155–198},
    publisher = {John Benjamins},
    title = {Evolution of Grammatical Relations in Cariban: How Functional Motivation Precedes Syntactic Change},
    year = {1997}
}

@book{gildea1998,
    author = {Gildea, Spike},
    address = {Oxford},
    keywords = {proto-carib},
    publisher = {Oxford University Press},
    title = {On reconstructing grammar: Comparative Cariban morphosyntax},
    year = {1998}
}

@book{gildea2000reconstructing,
    editor = {Gildea, Spike},
    address = {Amsterdam},
    booktitle = {Reconstructing Grammar},
    publisher = {John Benjamins},
    series = {Typological Studies in Language},
    title = {Reconstructing Grammar: Comparative Linguistics and Grammaticalization},
    volume = {43},
    year = {2000}
}

@unpublished{gildea2000the,
    author = {Gildea, Spike},
    address = {Santa Barbara},
    institution = {University of California},
    keywords = {kapon},
    note = {Workshop on Amerindian Languages},
    title = {The innovative progressive in Akawaio (Cariban)},
    year = {2000}
}

@incollection{gildea2000vpgenesis,
    author = {Gildea, Spike},
    editor = {Gildea, Spike},
    address = {Amsterdam},
    booktitle = {Reconstructing Grammar},
    keywords = {proto-cariban},
    pages = {65–106},
    publisher = {John Benjamins},
    series = {Typological Studies in Language},
    title = {On the Genesis of the Verb Phrase in Cariban Languages: Diversity through Reanalysis},
    volume = {43},
    year = {2000}
}

@incollection{gildea2002,
    author = {Gildea, Spike},
    editor = {Queixalós, Francesc},
    address = {Brasília, Paris},
    keywords = {overview,ergative},
    pages = {137–145},
    publisher = {Laboratório de Línguas Indígenas, Centre d'études des langues indigènes d'Amérique},
    title = {Ergativity in the northern Cariban Languages},
    volume = {1},
    year = {2002}
}

@article{gildea2002etat,
    author = {Gildea, Spike},
    editor = {Landaburu, J. and Queixalos, F.},
    issuetitle = {{Méso-Amérique}, {Caraïbes}, {Amazonie} Volume 1},
    journal = {Faits de Langues},
    keywords = {overview},
    number = {20},
    pages = {79–84},
    title = {Etat de l'art des descriptions linguistiques des langues du groupe Caribe},
    year = {2002}
}

@article{gildea2004classification,
    author = {Gildea, Spike},
    journal = {Amerindia},
    keywords = {overview},
    number = {28},
    pages = {7–32},
    title = {Proposing a new branch for the Cariban language family},
    year = {2003}
}

@incollection{gildea2005encyclo,
    author = {Gildea, Spike},
    editor = {Strazny, Philipp},
    address = {New York},
    booktitle = {Encyclopedia of linguistics},
    keywords = {overview},
    pages = {173–176},
    publisher = {Fitzroy Dearborn},
    title = {Carib and Cariban Languages},
    volume = {1},
    year = {2005}
}

@article{gildea2007greenberg,
    author = {Gildea, Spike and Payne, Doris},
    journal = {Boletim do Museu Paraense Emílio Goeldi. Ciências Humanas},
    keywords = {classification},
    number = {2},
    pages = {19–72},
    title = {Is Greenberg's “Macro-Carib” viable?},
    volume = {2},
    year = {2007}
}

@article{gildea2008explaining,
    author = {Gildea, Spike},
    journal = {Amerindia},
    number = {32},
    pages = {57–75},
    title = {Explaining similarities between main clauses and nominalized phrases},
    year = {2008}
}

@unpublished{gildea2009reconstructing,
    author = {Gildea, Spike},
    note = {Paper presented at the 8th Biennial Conference of the Association for Linguistic Typology, UC Berkeley},
    title = {Reconstructing sources for hierarchical alignment in main clause grammar},
    year = {2009}
}

@book{gildea2010ergativity,
    editor = {Gildea, Spike and Queixalós, Francesc},
    address = {Amsterdam},
    booktitle = {Ergativity in Amazonia},
    publisher = {John Benjamins},
    title = {Ergativity in Amazonia},
    year = {2010}
}

@incollection{gildea2010nomabs,
    author = {Gildea, Spike and Alves, Flávia Castro},
    editor = {Gildea, Spike and Queixalós, Francesc},
    address = {Amsterdam},
    booktitle = {Ergativity in Amazonia},
    keywords = {panare,ergative},
    pages = {159–200},
    publisher = {John Benjamins},
    title = {Nominative-absolutive: Counter-universal split ergativity in Jê and Cariban},
    year = {2010}
}

@incollection{gildea2010story,
    author = {Gildea, Spike and Hoff, Berend J. and Meira, Sérgio},
    editor = {Berez, Andrea L. and Mulder, Jean and Rosenblum, Daisy},
    booktitle = {Fieldwork and linguistic analysis in Indigenous languages of the Americas},
    keywords = {proto-cariban},
    pages = {91–123},
    publisher = {University of Hawai'i Press},
    title = {The story of *ô in the Cariban Family},
    year = {2010}
}

@incollection{gildea2012classification,
    author = {Gildea, Spike},
    editor = {Campbell, Lyle and Grondona, Verónica},
    address = {Berlin/New York},
    booktitle = {The Indigenous Languages of South America},
    keywords = {overview},
    pages = {441–494},
    publisher = {Mouton de Gruyter},
    series = {The World of Linguistics},
    title = {Linguistic studies in the Cariban family},
    volume = {2},
    year = {2012}
}

@unpublished{gildea2015valency,
    author = {Gildea, Spike},
    address = {Lyon},
    note = {Paper presented at the Venezuelan Cariban Conference},
    title = {The evolution of valence categories in the Cariban family},
    url = {https://www.academia.edu/30561539/The\_evolution\_of\_valence\_categories\_in\_the\_Cariban\_family},
    urldate = {2020-10-02},
    year = {2015}
}

@unpublished{gildea2015venezuelan,
    author = {Gildea, Spike},
    institution = {Université de Lyon},
    note = {Paper presented at the Working Conference on Venezuelan Cariban Languages},
    title = {15 years later: Current Perspectives on the Venezuelan Branch Hypothesis},
    url = {https://www.academia.edu/30561529/15\_years\_later\_Current\_Perspectives\_on\_the\_Venezuelan\_Branch\_Hypothesis},
    urldate = {2018-10-15},
    year = {2015}
}

@unpublished{gildea2016negation,
    author = {Gildea, Spike and Meira, Sérgio},
    address = {Universidad Nacional de Colombia en Amazonia, Leticia},
    note = {Talk held at Amazónicas VI},
    title = {A Comparative survey of Verbal Negation in the Cariban Family},
    year = {2016}
}

@article{gildea2016referential,
    author = {Gildea, Spike and Zúñiga, Fernando},
    journal = {Linguistics},
    number = {3},
    pages = {483–529},
    title = {Referential hierarchies: A new look at some historical and typological patterns},
    volume = {54},
    year = {2016}
}

@unpublished{gildea2018causativepairs,
    author = {Gildea, Spike and Cáceres Arandia, Natalia},
    address = {Tallinn},
    note = {Talk held at SLE 2018},
    title = {Historical Change in Causative Pairs in the Cariban Family},
    year = {2018}
}

@incollection{gildea2018reconstructing,
    author = {Gildea, Spike},
    editor = {Overall, Simon E. and Vallejos, Rosa and Gildea, Spike},
    address = {Amsterdam},
    booktitle = {Nonverbal predication in Amazonian languages},
    pages = {365–402},
    publisher = {John Benjamins},
    title = {Reconstructing the copula and nonverbal predicate constructions in Cariban},
    year = {2018}
}

@incollection{gildea2019overview,
    author = {Gildea, Spike and Cáceres, Natalia},
    editor = {Epps, Patience and Michael, Lev},
    address = {Berlin},
    booksubtitle = {An International Handbook},
    booktitle = {Amazonian Languages},
    publisher = {Mouton de Gruyter},
    title = {The Cariban Language Family},
    year = {in preparation}
}

@book{gilij1780saggio,
    author = {Gilij, Filippo Salvadore},
    address = {Rome},
    booktitle = {Saggio di Storia {Americana}, o sia Storia Naturale, Civile, e Sacra De regni, e delle provincie {Spagnuole} di Terra-ferma nell' {America} meridionale},
    publisher = {Luigi Perego Salvioni},
    title = {Della religione, e delle lingue degli Orinochesi, e di altri Americani},
    volume = {1},
    year = {1782}
}

@book{gilij1781saggio,
    author = {Gilij, Filippo Salvadore},
    address = {Rome},
    booktitle = {Saggio di Storia {Americana}, o sia Storia Naturale, Civile, e Sacra De regni, e delle provincie {Spagnuole} di Terra-ferma nell' {America} meridionale},
    publisher = {Luigi Perego Salvioni},
    title = {Della religione, e delle lingue degli Orinochesi, e di altri Americani},
    volume = {2},
    year = {1782}
}

@book{gilij1782saggio,
    author = {Gilij, Filippo Salvadore},
    address = {Rome},
    booktitle = {Saggio di Storia {Americana}, o sia Storia Naturale, Civile, e Sacra De regni, e delle provincie {Spagnuole} di Terra-ferma nell' {America} meridionale},
    publisher = {Luigi Perego Salvioni},
    title = {Della religione, e delle lingue degli Orinochesi, e di altri Americani},
    volume = {3},
    year = {1782}
}

@book{gilij1784saggio,
    author = {Gilij, Filippo Salvadore},
    address = {Rome},
    publisher = {Luigi Perego Salvioni},
    title = {Saggio di Storia Americana, o sia Storia Naturale, Civile, e Sacra De regni, e delle provincie Spagnuole di Terra-ferma nell' America meridionale},
    volumes = {4},
    year = {1780--1784}
}

@book{gilij1965saggio,
    author = {Gilij, Filippo Salvadore},
    address = {Caracas},
    publisher = {Fuentes para la Historia Colonial de Venezuela},
    title = {Ensayo de historia americana},
    translator = {Tovar, Antonio},
    volumes = {3},
    year = {1965}
}

@book{gilij1965saggio3,
    author = {Gilij, Filippo Salvadore},
    address = {Caracas},
    publisher = {Fuentes para la Historia Colonial de Venezuela},
    title = {Ensayo de historia americana},
    translator = {Tovar, Antonio},
    volume = {3},
    volumes = {3},
    year = {1965}
}

@book{gillin1936barama,
    author = {Gillin, John},
    address = {Cambridge},
    publisher = {Peabody Museum},
    title = {The Barama river Caribs of British Guiana},
    year = {1936}
}

@phdthesis{giordani1996yawarana,
    author = {Giordani, Lourdes},
    institution = {University of Wisconsin},
    title = {Imagining who we were, believing who we were: A study of ethnic identity, oral history, and socio cultural change among the Yabarana Indians of Venezuela},
    year = {1996}
}

@phdthesis{girard1971proto,
    author = {Girard, Victor James},
    institution = {University of California},
    keywords = {proto-cariban},
    title = {Proto-Carib phonology},
    year = {1971}
}

@book{givon1994voice,
    editor = {Givón, Talmy},
    address = {Amsterdam/Philadelphia},
    booktitle = {Voice and inversion},
    publisher = {John Benjamins},
    title = {Voice and inversion},
    year = {1994}
}

@misc{glottolog,
    author = {Hammarström, Harald and Forkel, Robert and Haspelmath, Martin and Bank, Sebastian},
    address = {Jena},
    institution = {Max Planck Institute for the Science of Human History},
    title = {Glottolog 4.2.1},
    url = {http://glottolog.org},
    urldate = {2020-05-18},
    year = {2020}
}

@mastersthesis{gouvea1994parametro,
    author = {Gouvêa, Ana Cristina de S. Lima},
    institution = {Universidade Federal do Rio de Janeiro},
    keywords = {macushi},
    title = {O parâmetro da ergatividade e a língua Karibe Macuxi},
    year = {1994}
}

@mastersthesis{granadillo1997mapoyo,
    author = {Granadillo, Tania},
    institution = {Universidad Central de Venezuela},
    keywords = {mapoyo},
    title = {Marcadores de persona nominales y verbales en la lengua Mapoyo},
    year = {1997}
}

@mastersthesis{granadillo1997pronoun,
    author = {Granadillo, Tania},
    institution = {Universidad Central de Venezuela},
    keywords = {mapoyo},
    title = {Los pronombres personales en mapoyo},
    year = {1997}
}

@article{granadillo2019mapoyo,
    author = {Granadillo, Tania},
    journal = {Cadernos de Etnolingüística},
    number = {1},
    pages = {43–55},
    title = {El mapoyo y la rama venezolana de lenguas caribes},
    volume = {7},
    year = {2019}
}

@book{grimes1972languages,
    author = {Grimes, Joseph Evans},
    address = {Norman},
    booktitle = {Languages of the Guianas},
    publisher = {Summer Institute of Linguistics of the University of Oklahoma},
    title = {Languages of the Guianas},
    year = {1972}
}

@article{gudschinsky,
    author = {Gudschinsky, Sarah C.},
    journal = {Série Lingüística},
    keywords = {apalai,hixka},
    pages = {57–62},
    title = {Sistemas Contrastivos de Marcadores de Pessoa em Duas Línguas Carib: Apalaí e Hixkaryána},
    volume = {1},
    year = {1973}
}

@book{guentcheva2007enonciation,
    editor = {Guentchéva, Zlatka and Landaburu, Jon},
    address = {Paris},
    booktitle = {L'énonciation Médiatisée II. Le Traitement Épistémologique de L'information},
    publisher = {Peeters},
    series = {Bibliothèque de l’Information Grammaticale},
    title = {L'énonciation Médiatisée II. Le Traitement Épistémologique de L'information: Illustrations Amérindiennes Et Caucasiennes},
    volume = {63},
    year = {2007}
}

@mastersthesis{guerrero2016carijo,
    author = {Guerrero-Beltrán, David Felipe},
    institution = {Universidad Nacional de Colombia},
    keywords = {carijo},
    title = {Estructura de la oración simple en Karijona: Lengua Caribe de la Amazonía Colombiana},
    type = {bathesis},
    year = {2016}
}

@unpublished{guerrero2016karihona,
    author = {Guerrero-Beltrán, David Felipe},
    keywords = {carijo},
    note = {Paper presented at the Language and Culture Research Centre, James Cook University},
    title = {The alignment and person-marking system in Karijona (Cariban, Northwest Amazonia)},
    year = {2016}
}

@mastersthesis{guerrero2019carijo,
    author = {Guerrero Beltrán, David Felipe},
    institution = {Universidad Nacional de Colombia},
    keywords = {carijo},
    title = {The Grammar of Space in Karijona, a Cariban language from Northwest Amazonia},
    year = {2019}
}

@book{gutierrez1968gramatica,
    author = {Gutiérrez, Mariano},
    address = {Madrid},
    keywords = {pemon},
    publisher = {Raycar},
    title = {Gramática sucinta de la lengua pemón},
    year = {1968}
}

@book{gutierrez2001gramatica,
    author = {Gutiérrez, Mariano},
    address = {Caracas},
    keywords = {pemon,grammar},
    publisher = {Universidad Católica Andrés Bello},
    title = {Gramática didáctica de la lengua Pemón},
    year = {2001}
}

@article{hall1988enapa,
    author = {Hall, Katherine and Villalón, María Eugenia},
    journal = {Antropológica},
    keywords = {panare},
    pages = {3–16},
    title = {Una introducción a la fonología E'ñapa},
    volume = {70},
    year = {1988}
}

@unpublished{hall1991degrees,
    author = {Hall, Katherine L.},
    address = {New Orleans},
    keywords = {maqui},
    note = {Paper presented at the 47th International Congress of Americanists},
    title = {Degrees of transitivity in De'kwana (Carib) verb forms},
    year = {1991}
}

@incollection{hall2015dictionary,
    author = {Hall, Katherine and Key, Mary Ritchie},
    editor = {Key, Mary Ritchie and Comrie, Bernard},
    address = {Leipzig},
    booktitle = {The Intercontinental Dictionary Series},
    keywords = {maqui},
    publisher = {Max Planck Institute for Evolutionary Anthropology},
    title = {De'kwana},
    url = {https://ids.clld.org/contributions/174},
    year = {2015}
}

@article{hanes1952yukpa,
    author = {Hanes, L.C.},
    journal = {International Journal of American Linguistics},
    keywords = {yukpa},
    number = {3},
    pages = {146–149},
    title = {Phonemes of Motilone (Carib)},
    volume = {39},
    year = {1952}
}

@book{hawkins1952phonology,
    author = {Hawkins, W. Neill},
    address = {São Paulo},
    keywords = {waiwai},
    note = {Boletim da Facultade de Filosofia, Ciências e Letras 157: Etnografía e Tupí-Guaraní 25},
    publisher = {Universidade de São Paulo},
    title = {A fonología da língua Uaiuái},
    year = {1952}
}

@article{hawkins1953waiwai,
    author = {Hawkins, W. Neill and Hawkins, Robert E.},
    journal = {International Journal of American Linguistics},
    keywords = {waiwai},
    number = {3},
    pages = {201–211},
    title = {Verb inflection in Waiwai (Carib)},
    volume = {19},
    year = {1953}
}

@book{hawkins1962waiwai,
    author = {Hawkins, W. Neill},
    address = {Rio de Janeiro},
    keywords = {waiwai},
    pages = {31},
    publisher = {Universidade de Brasília, Museu Nacional},
    series = {Publicações Avulsas},
    title = {A morfologia do substantivo na língua Uaiuai},
    volume = {21},
    year = {1962}
}

@incollection{hawkins2015dictionary,
    author = {Hawkins, Robert E. and Key, Mary Ritchie},
    editor = {Key, Mary Ritchie and Comrie, Bernard},
    address = {Leipzig},
    booktitle = {The Intercontinental Dictionary Series},
    keywords = {waiwai},
    publisher = {Max Planck Institute for Evolutionary Anthropology},
    title = {Wai Wai},
    url = {https://ids.clld.org/contributions/175},
    year = {2015}
}

@book{henley1982panare,
    author = {Henley, Paul},
    address = {New Haven},
    keywords = {panare},
    publisher = {Yale University Press},
    title = {The Panare: Tradition and change on the Amazonian frontier},
    year = {1982}
}

@unpublished{hill1994waimiri,
    author = {Hill, Joseph H. and Hill, Tamara E.},
    howpublished = {Manuscript},
    keywords = {waimiri},
    title = {Phonological sketch of Waimiri-Atroari (Cariban)},
    year = {1994}
}

@misc{hixkaryana2012bible,
    author = {{Wycliffe Bible Translators}},
    keywords = {hixka},
    title = {Khoryenkom Karyehtanà},
    url = {http://downloads.dbs.org/scriptures/pdf/HIXWBT/HIXWBT.pdf},
    urldate = {2020-05-17},
    year = {2012}
}

@book{hixkaryanaderby1979,
    author = {Derbyshire, Desmond C.},
    address = {Amsterdam},
    keywords = {hixka,grammar},
    publisher = {North-Holland},
    series = {Lingua Descriptive Studies},
    title = {Hixkaryana},
    volume = {1},
    year = {1979}
}

@phdthesis{hixkaryanaderby1979phd,
    author = {Derbyshire, Desmond C.},
    institution = {University of London},
    keywords = {hixka,grammar},
    title = {Hixkaryana Syntax},
    year = {1979}
}

@book{hixkaryanaderby1985,
    author = {Derbyshire, Desmond C.},
    address = {Dallas},
    keywords = {hixka,grammar},
    publisher = {Summer Institute of Linguistics},
    title = {Hixkaryana and Linguistic Typology},
    year = {1985}
}

@article{hodsdon1976analise,
    author = {Hodsdon, Cathy Ann},
    journal = {Série Lingüística},
    keywords = {macushi},
    number = {5},
    pages = {267–300},
    title = {Análise de cláusulas semânticas na língua Makuxi},
    year = {1976}
}

@book{hoff1968carib,
    author = {Hoff, Berend J.},
    address = {The Hague},
    keywords = {kalina},
    publisher = {Martinus Nijhoff},
    series = {Verhandelingen van het Koninklijk instituut voor taal-, land- en volkenkunde},
    title = {The Carib Language: Phonology, Morphophonology, Morphology, Texts and Word Index},
    volume = {55},
    year = {1968}
}

@incollection{hoff1978order,
    author = {Hoff, Berend J.},
    editor = {Jansen, Frank},
    address = {Lesse},
    booktitle = {Studies on Fronting},
    pages = {11–28},
    publisher = {Peter de Redder},
    title = {The relative order of the Carib finite verb and its nominal dependents},
    year = {1978}
}

@article{hoff1986evidentiality,
    author = {Hoff, Berend J.},
    journal = {Lingua},
    keywords = {kalina},
    pages = {49–103},
    title = {Evidentiality in Carib: Particles, affixes, and a variant of Wackernagel's Law},
    volume = {69},
    year = {1986}
}

@incollection{hoff1990the,
    author = {Hoff, Berend J.},
    editor = {Payne, Doris L.},
    address = {Austin},
    booktitle = {Amazonian linguistics},
    keywords = {kalina},
    pages = {495–541},
    publisher = {University of Texas Press},
    title = {The non-modal particles of the Carib language of Surinam and their influence on constituent order},
    year = {1990}
}

@article{hoff1995configurationality,
    author = {Hoff, Berend J.},
    journal = {International Journal of American Linguistics},
    keywords = {kalina},
    number = {4},
    pages = {347–377},
    title = {Configurationality and nonconfigurationality in the Carib language of Surinam},
    volume = {61},
    year = {1995}
}

@incollection{hoff1995kalinago,
    author = {Hoff, Berend J.},
    editor = {Whitehead, Neil L.},
    address = {Leiden},
    booktitle = {Wolves from the sea},
    pages = {37–60},
    publisher = {KITLV Press},
    title = {Language contact, war, and Amerindian historical tradition: The special case of the Island Carib},
    year = {1995}
}

@article{hoff2009two,
    author = {Hoff, Berend J. and Kiban, Robert J.},
    journal = {International Journal of American Linguistics},
    keywords = {kalina},
    number = {3},
    pages = {337–364},
    title = {Two participles of the Carib language of Surinam, with their nominal, verbal, and adjectival properties},
    volume = {75},
    year = {2009}
}

@unpublished{hoff2017between,
    author = {Hoff, Berend J. and Gildea, Spike and Sapién, Racquel-María},
    address = {Zürich},
    note = {Talk held at SLE 2017},
    title = {Between Evidentiality, Immediacy, and Epistemic Certainty in Kari'nja},
    year = {2017}
}

@mastersthesis{hough2008space,
    author = {Hough, Karen},
    institution = {Leiden University},
    keywords = {wayana},
    title = {The expression \\& perception of space in Wayana},
    year = {2008}
}

@phdthesis{howard2001wrought,
    author = {Howard, Catherine V.},
    institution = {University of Chicago},
    keywords = {hixka,waiwai},
    title = {Wrought Identities: The Waiwai expeditions in search of the “unseen tribes” of Northern Amazonia},
    year = {2001}
}

@book{huber1992vocabulario,
    author = {Huber, Randall Q. and Reed, Robert B.},
    editor = {Huber, Randall Q. and Reed, Robert B.},
    address = {Santafé de Bogotá},
    publisher = {ILV},
    title = {Vocabulario Comparativo: Palabras Selectas de Lenguas Indígenas de Colombia},
    year = {1992}
}

@article{hubner1907yawapery,
    author = {Hübner, Georg and Koch-Grünberg, Theodor},
    journal = {Zeitschrift für Ethnologie},
    number = {1/2},
    pages = {225–248},
    title = {Die Yauaperý},
    volume = {39},
    year = {1907}
}

@article{hurley1932kaxui,
    author = {Hurley, Jorge},
    journal = {Revista do Instituto Historico e Geographico do Pará},
    keywords = {kaxui},
    pages = {229–235},
    title = {Vocabularios dos aborigenes dos rios Trombetas, Cachorro e Jacycury},
    volume = {7},
    year = {1932}
}

@article{ikpeng2015kobayashi,
    author = {de Salles Kobayashi, Filipe Hisao and Soares, Marília Lopes da Costa Facó},
    journal = {ReVEL},
    keywords = {ikpeng,verb},
    number = {24},
    title = {A codificação de argumentos no verbo Ikpeng (Karíb)},
    volume = {13},
    year = {2015}
}

@mastersthesis{ikpengpacheco1997,
    author = {Pachêco, Frantomé B.},
    institution = {Universidade Estadual de Campinas},
    keywords = {ikpeng,grammar},
    title = {Aspectos da gramática Ikpeng (Karíb)},
    year = {1997}
}

@phdthesis{ikpengpacheco2001,
    author = {Pachêco, Frantomé B.},
    institution = {Universidade Estadual de Campinas},
    keywords = {ikpeng,grammar},
    title = {Morfossintaxe do verbo Ikpeng (Karíb)},
    year = {2001}
}

@incollection{jackson1972wayana,
    author = {Jackson, Walter S.},
    address = {Norman},
    booktitle = {Languages of the Guianas},
    keywords = {wayana},
    pages = {47–77},
    publisher = {Summer Institute of Linguistics of the University of Oklahoma},
    title = {A Wayana grammar},
    year = {1972}
}

@mastersthesis{japreriaflores2002,
    author = {Flores, Elexander},
    institution = {Universidad del Zulia},
    keywords = {japreria,grammar},
    title = {Morfosintaxis del Japreria},
    year = {2002}
}

@mastersthesis{jimenez2019dhekwana,
    author = {Jiménez Velázquez, Zuleima Maryori},
    institution = {Centro de Investigaciones y Estudios Superiores en Antropología Social},
    keywords = {maqui},
    title = {Los sistemas de alineamiento en dhe’kwana},
    year = {2019}
}

@incollection{jones1972trio,
    author = {Jones, Morgan W.},
    address = {Norman},
    booktitle = {Languages of the Guianas},
    pages = {42–46},
    publisher = {Summer Institute of Linguistics of the University of Oklahoma},
    title = {Trio phonology},
    year = {1972}
}

@article{kalin2012hixkaryana,
    author = {Kalin, Laura},
    journal = {Coyote Papers},
    keywords = {hixka},
    number = {20},
    pages = {37–45},
    title = {Hixkaryana: the syntax of object verb subject word order},
    year = {2012}
}

@incollection{kaufman1994native,
    author = {Kaufman, Terrence},
    editor = {Moseley, Christopher and Asher, R.E.},
    address = {London},
    booktitle = {Atlas of the world's languages},
    pages = {46–76},
    publisher = {Routledge},
    title = {The native languages of South America},
    year = {1994}
}

@incollection{kaufman2007native,
    author = {Kaufman, Terrence},
    editor = {Moseley, Christopher and Asher, R.E.},
    address = {London},
    booktitle = {Atlas of the world's languages},
    pages = {59–94},
    publisher = {Routledge},
    title = {The native languages of South America},
    year = {2007}
}

@book{key2015ids,
    editor = {Key, Mary Ritchie and Comrie, Bernard},
    address = {Leipzig},
    booktitle = {The Intercontinental Dictionary Series},
    publisher = {Max Planck Institute for Evolutionary Anthropology},
    title = {The Intercontinental Dictionary Series},
    year = {2015}
}

@incollection{kg1928yauarana,
    author = {Koch-Grünberg, Theodor},
    address = {Stuttgart},
    booktitle = {Sprachen},
    pages = {233–245},
    title = {Yauarána},
    year = {1928}
}

@book{klein1985retrospect,
    editor = {Klein, Harriet E. Manelis and Stark, Louisa},
    address = {Austin},
    booktitle = {South American Indian Languages},
    publisher = {Texas University Press},
    title = {South American Indian Languages: Retrospect and Prospect},
    year = {1985}
}

@article{koch1908hiana,
    author = {Koch-Grünberg, Theodor},
    journal = {Anthropos},
    keywords = {carijo},
    pages = {83–124,297–335,952–982},
    title = {Die Hianákoto-Umáua},
    volume = {3},
    year = {1908}
}

@book{koch1928roroima,
    author = {Koch-Grünberg, Theodor},
    address = {Stuttgart},
    booktitle = {Vom {Roroima} zum {Orinoco}},
    mainsubtitle = {{Ergebnisse} einer {Reise} in {Nordbrasilien} und {Venezuela} in den {Jahren} 1911--1913},
    publisher = {Strecker und Schröder},
    title = {Sprachen},
    volume = {4},
    volumes = {5},
    year = {1928}
}

@unpublished{koehn1965verb,
    author = {Koehn, Edward H.},
    address = {Anápolis, GO},
    keywords = {apalai,verb},
    publisher = {Associação Internacional de Linguística, SIL -- Brasil},
    title = {Bound Person markers of the Apalaí Verb Phrase: Preliminary Analysis},
    year = {1965}
}

@unpublished{koehn1966verb,
    author = {Koehn, Sally S.},
    address = {Anápolis, GO},
    keywords = {apalai,verb},
    publisher = {Associação Internacional de Linguística, SIL -- Brasil},
    title = {Apalaí Verb Structure: Preliminary Analysis},
    year = {1966}
}

@article{koehn1976historical,
    author = {Koehn, Edward H.},
    journal = {International Journal of American Linguistics},
    keywords = {apalai},
    number = {3},
    pages = {243–252},
    title = {The historical tense in Apalaí narrative},
    volume = {42},
    year = {1976}
}

@incollection{koehn1986apalai,
    author = {Koehn, Edward and Koehn, Sally},
    editor = {Derbyshire, Desmond C. and Pullum, Geoffrey K.},
    address = {Berlin/New York},
    booktitle = {Handbook of Amazonian Languages},
    keywords = {apalai,grammar},
    pages = {33–127},
    publisher = {Mouton de Gruyter},
    title = {Apalai},
    volume = {1},
    year = {1986}
}

@book{koehn1995apalai,
    author = {Koehn, Edward H. and Koehn, Sally S.},
    address = {Brasilia},
    keywords = {apalai},
    publisher = {Sociedade Internacional de Lingüística},
    title = {Vocabulário básico Apalaí-Português: Dicionário da língua Apalaí},
    year = {1995}
}

@book{koehns1994textos,
    author = {Koehn, Edward and Koehn, Sally},
    address = {Brasília},
    keywords = {apalai},
    publisher = {Summer Institute of Linguistics},
    title = {14 textos Apalaí},
    year = {1994}
}

@book{koelewijn1984trio,
    author = {Koelewijn, Cees},
    address = {Leusden},
    publisher = {Algemeen Diakonaal Bureau},
    title = {Tarëno tamu inponopï panpira},
    volume = {1},
    year = {1984}
}

@article{krause1936yaruma,
    author = {Krause, Fritz},
    title = {Die Yarumá und Arawine-Indianer Zentralbrasiliens},
    year = {1936}
}

@phdthesis{kuikurodossantos2007,
    author = {dos Santos, Gélsama Mara Ferreira},
    institution = {Universidade Federal do Rio de Janeiro},
    keywords = {kuikuro,grammar},
    title = {Morfologia Kuikuro: Gerando nomes e verbos},
    year = {2007}
}

@unpublished{lacerda1991waimiri,
    author = {Lacerda, Edith},
    address = {Manaus},
    howpublished = {Manuscript},
    institution = {Programa Waimiri Atroari, Subprograma de Educação},
    keywords = {waimiri},
    title = {Waimiri-Atroari: observações lingüísticas},
    year = {1991}
}

@unpublished{lacerda1996observacoes,
    author = {Lacerda, Edith},
    address = {Manaus},
    howpublished = {Manuscript},
    institution = {Programa Waimiri Atroari, Subprograma de Educação},
    keywords = {waimiri},
    title = {Observações sobre morfologia e sintaxe da língua Waimiri Atroari},
    year = {1996}
}

@unpublished{largo2011yukpa,
    author = {Largo, Wilson S.},
    address = {Bogotá: Fundación para el Desarrollo de Pueblos Marginados},
    howpublished = {Manuscript},
    keywords = {yukpa},
    title = {Una gramática Yukpa},
    year = {2011}
}

@article{leite1998comparacao,
    author = {Maia, Marcu and Franchetto, Bruna and Leite, Yonne de Freitas and Soares, Marília Facó and Vieira, Marcia Damaso},
    journal = {{DELTA}: Documentação de Estudos em Lingüística Teórica e Aplicada},
    number = {2},
    pages = {349–375},
    title = {Comparação de aspectos da gramática em línguas indígenas brasileiras},
    volume = {14},
    year = {1998}
}

@phdthesis{lescure1981kalina,
    author = {Renault-Lescure, Odile},
    institution = {Université de la Sorbonne (Paris IV)},
    keywords = {kalina},
    title = {Evolution Lexicale du Galibi: Langue Caribe du Guyane Française},
    year = {1981}
}

@book{letschert1998trio,
    author = {Letschert, Bento},
    address = {Brasília, São Paulo},
    keywords = {trio},
    publisher = {MEC, Mari-NHII},
    title = {Dicionário Português-Tiriyó},
    year = {1998}
}

@book{loukotka1968classification,
    author = {Loukotka, Čestmír},
    editor = {Wilbert, Johannes},
    address = {Los Angeles},
    publisher = {Latin American Center, University of California},
    title = {Classification of South American indian languages},
    year = {1968}
}

@mastersthesis{macdonell1994macushi,
    author = {MacDonell, Ronald Beaton},
    institution = {Université Laval},
    keywords = {macushi},
    title = {La phonologie du Makuxi, langue caribe: une analyse fonctionnelle},
    year = {1994}
}

@incollection{macushiabbott1991,
    author = {Abbott, Miriam},
    editor = {Derbyshire, Desmond C. and Pullum, Geoffrey K.},
    address = {Berlin/New York},
    booktitle = {Handbook of Amazonian Languages},
    keywords = {macushi,grammar},
    pages = {23–160},
    publisher = {Mouton de Gruyter},
    title = {Macushi},
    volume = {3},
    year = {1991}
}

@phdthesis{macushicarson1982,
    author = {Carson, Neusa Martins},
    institution = {The University of Kansas},
    keywords = {macushi,grammar},
    title = {Phonology and Morphosyntax of Macuxi (Carib) (Brazil)},
    year = {1982}
}

@book{malekowa1999karina,
    author = {Maleko'wa, Charles and Courtz, Henk},
    address = {Paramaribo},
    publisher = {Instituut voor Taalwetenschap},
    title = {Kari'na nekarity'san},
    year = {1999}
}

@phdthesis{maquiritaricaceres2011,
    author = {Cáceres, Natalia},
    institution = {Université Lumière Lyon 2},
    keywords = {maqui,grammar},
    title = {Grammaire fonctionnelle-typologique du ye'kwana, langue caribe du Venezuela},
    year = {2011}
}

@phdthesis{maquiritarihall1988,
    author = {Hall, Katherine Lee},
    institution = {Washington University},
    keywords = {maqui,grammar},
    title = {The Morphosyntax of Discourse in De'kwana Carib},
    year = {1988}
}

@mastersthesis{mariano2002elementos,
    author = {Mariano, Marelvis},
    institution = {Universidad de Los Andes},
    keywords = {yukpa},
    title = {Elementos gramaticales de la lengua de los yukos: Serranía del Perijá},
    year = {2002}
}

@book{martius1867beitrage,
    author = {von Martius, Karl Friedrich Philipp},
    address = {Leipzig},
    publisher = {Fleischer},
    title = {Beiträge zur Ethnographie und Sprachenkunde Amerika's zumal Brasiliens: Wörtersammlung brasilianischer Sprachen},
    volume = {1},
    year = {1867}
}

@book{martius1867beitrage2,
    author = {von Martius, Karl Friedrich Philipp},
    address = {Leipzig},
    publisher = {Fleischer},
    title = {Beiträge zur Ethnographie und Sprachenkunde Amerika's zumal Brasiliens: Wörtersammlung brasilianischer Sprachen},
    volume = {2},
    year = {1867}
}

@article{mattei1974panarepossesion,
    author = {Mattéi-Müller, Marie-Claude},
    journal = {Antropológica},
    keywords = {panare},
    number = {38},
    pages = {3–14},
    title = {El sistema de posesión en la lengua panare},
    year = {1974}
}

@book{mattei1994diccionario,
    author = {Mattéi-Müller, Marie-Claude},
    address = {Caracas},
    keywords = {panare,dictionary},
    publisher = {Graficas Armitano},
    title = {Diccionario ilustrado Panare-Español, Índice Español-Panare: Un aporte al estudio de los Panares-E'ñepa},
    year = {1994}
}

@inproceedings{mattei2002busca,
    author = {Mattéi-Müller, Marie-Claude},
    editor = {Cabral, Ana Suelly Arruda Câmara and Rodrigues, Aryon D.},
    address = {Belém},
    booktitle = {Línguas indígenas Brasileiras: fonologia, gramática e história},
    note = {Atas do I Encontro Internacional do Grupo de Trabalho sobre Línguas Indígenas da ANPOLL},
    pages = {37–53},
    publisher = {EDUFPA},
    title = {En busca de criterios clasificatorios para la Familia Caribe},
    volumes = {2},
    year = {2002}
}

@article{mattei2003pemono,
    author = {Mattéi-Müller, Marie-Claude},
    journal = {Amerindia},
    keywords = {mapoyo,yawarana},
    number = {28},
    pages = {33–54},
    title = {Pémono: eslabón perdido entre mapoyo y yawarana, lenguas caribes ergativas de la Guayana noroccidental de Venezuela},
    year = {2003}
}

@incollection{mattei2007voir,
    author = {Mattéi-Müller, Marie-Claude},
    editor = {Guentchéva, Zlatka and Landaburu, Jon},
    address = {Paris},
    booktitle = {L'énonciation Médiatisée II. Le Traitement Épistémologique de L'information},
    keywords = {panare},
    pages = {153–172},
    publisher = {Peeters},
    series = {Bibliothèque de l’Information Grammaticale},
    title = {Voir et savoir en Panaré (langue caribe du Venezuela)},
    volume = {63},
    year = {2007}
}

@article{matter2019arara,
    author = {Matter, Florian},
    journal = {Cadernos de Etnolingüística},
    keywords = {article},
    number = {2},
    pages = {1–22},
    title = {The origin of split third person marking in Arara (Cariban)},
    url = {http://www.etnolinguistica.org/article:vol8n2-1},
    volume = {8},
    year = {2021}
}

@phdthesis{matter2021cariban,
    author = {Matter, Florian},
    institution = {University of Bern},
    title = {Diachronic and typological aspects of Cariban verbal argument marking},
    year = {2021}
}

@unpublished{matter2021linking,
    author = {Matter, Florian and van Gijn, Rik},
    howpublished = {Manuscript},
    keywords = {unpublished},
    title = {“Linking” morphology in Tupían, Cariban, and Macro-Jê languages},
    year = {2021}
}

@misc{matter2021swadesh1,
    author = {Matter, Florian},
    doi = {10.5281/zenodo.4438189},
    keywords = {dataset},
    publisher = {Zenodo},
    title = {Modified Swadesh-100 list of 23 Cariban languages},
    url = {https://doi.org/10.5281/zenodo.4438189},
    version = {v0.1},
    year = {2021-01}
}

@misc{matter2022uniparser,
    author = {Matter, Florian},
    doi = {10.5281/zenodo.6510180},
    title = {uniparser-yawarana},
    url = {https://doi.org/10.5281/zenodo.6510180},
    year = {2022}
}

@misc{matter_cariban_clld,
    author = {Matter, Florian},
    keywords = {software},
    title = {Comparative Cariban Database},
    url = {https://cariban.clld.org},
    year = {2020}
}

@article{mattiola2020pluractional,
    author = {Mattiola, Simone and Gildea, Spike},
    howpublished = {Manuscript},
    title = {The pluractional marker -pödï of Akawaio (Cariban) and beyond},
    year = {under review}
}

@article{medina1997algunas,
    author = {Medina, Raimundo},
    journal = {Lingua Americana},
    keywords = {yukpa},
    number = {1},
    pages = {85–98},
    title = {Algunas consideraciones sobre la modalidad en yukpa},
    volume = {1},
    year = {1997}
}

@article{medina1997inflexion,
    author = {Medina, Raimundo},
    journal = {Opción},
    pages = {37–62},
    title = {Observaciones sobe la inflexión en yukpa},
    volume = {24},
    year = {1997}
}

@mastersthesis{medina1997mapoyo,
    author = {Medina, Francia},
    institution = {Universidad Central de Venezuela},
    keywords = {mapoyo},
    title = {Introducción a la fonética y a la fonología Mapoyo (Caribe)},
    year = {1997}
}

@article{medina1999accerg,
    author = {Medina, Raimundo},
    journal = {Lingua Americana},
    keywords = {yukpa},
    number = {4},
    pages = {7–26},
    title = {¿Es la lengua yukpa acusativa o ergativa?},
    volume = {3},
    year = {1999}
}

@phdthesis{mehinaku2010tetsualu,
    author = {Mehinaku, Mutua},
    institution = {Museu Nacional da Universidade Federal do Rio de Janeiro},
    title = {Tetsualü: pluralismo de línguas e pessoas no Alto Xingu},
    year = {2010}
}

@incollection{mehinaku2014xingu,
    author = {Mehinaku, Mutua and Franchetto, Bruna},
    editor = {Comrie, Bernard and Golluscio, Lucia},
    address = {Berlin},
    booktitle = {Language Contact and Documentation / Contacto lingüístico y documentación},
    pages = {121–164},
    publisher = {Walter de Gruyter},
    title = {Tetsualü: The pluralism of languages and people in the Upper Xingu},
    year = {2014}
}

@mastersthesis{meira1997the,
    author = {Meira, Sérgio},
    institution = {Rice University},
    title = {The evolution of an epi-phenomenal Split-S system in the Cariban family},
    year = {1997}
}

@mastersthesis{meira1998proto,
    author = {Meira, Sérgio},
    institution = {Rice University},
    keywords = {reconstruction,trio,carijo,akuriyo},
    title = {A reconstruction of Proto-Taranoan: Phonology and Inflectional Morphology},
    year = {1998}
}

@article{meira2000proto,
    author = {Meira, Sérgio},
    address = {München},
    publisher = {Lincom Europa},
    title = {A reconstruction of Proto-Taranoan: phonology and morphology},
    year = {2000}
}

@incollection{meira2000split,
    author = {Meira, Sérgio},
    editor = {Gildea, Spike},
    address = {Amsterdam},
    booktitle = {Reconstructing Grammar},
    keywords = {reconstruction,split-s,overview},
    pages = {201–230},
    publisher = {John Benjamins},
    series = {Typological Studies in Language},
    title = {The accidental intransitive split in the Cariban family},
    volume = {43},
    year = {2000}
}

@unpublished{meira2001wordclass,
    author = {Meira, Sérgio},
    howpublished = {Manuscript},
    title = {Word class systems in Cariban languages},
    year = {2006}
}

@inproceedings{meira2002first,
    author = {Meira, Sérgio},
    editor = {Crevels, Mily and Crevels, Mily and Meira, Sérgio and van der Voort, Hein},
    address = {Leiden},
    booktitle = {Current Studies on South American Languages: Selected papers from the 50th International Congress of Americanists in Warsaw and the Spinoza Workshop on Amerindian Languages in Leiden},
    keywords = {overview,proto-cariban,pronouns},
    pages = {255–275},
    publisher = {Research institution of Asian, African, and Amerindian Studies (CNWS)},
    title = {A first comparison of pronominal and demonstrative systems in the Cariban language family},
    year = {2002}
}

@incollection{meira2003bakairi,
    author = {Meira, Sérgio},
    editor = {Queixalós, Francesc},
    address = {Brasília, Paris},
    keywords = {bakairi},
    pages = {155–163},
    publisher = {Laboratório de Línguas Indígenas, Centre d'études des langues indigènes d'Amérique},
    title = {A marcação de pessoa nos verbos em Bakairi (Karíb)},
    volume = {2},
    year = {2003}
}

@article{meira2003mental,
    author = {Meira, Sérgio},
    journal = {Linguistic Typology},
    keywords = {trio},
    number = {3},
    pages = {131–159},
    title = {Mental state postpositions in Tiriyó and other Cariban languages},
    volume = {7},
    year = {2003}
}

@inproceedings{meira2003morfologia,
    author = {Meira, Sérgio},
    editor = {da Silva, Denize Elena Garcia},
    address = {Brasilia},
    booksubtitle = {Integração lingüística, étnica e social},
    booktitle = {Atas do II Encontro Nacional do GELCO},
    keywords = {trio},
    pages = {261–270},
    title = {Morfologia vs. semântica ou intransitividade cindida em Tiriyó (Karíb)},
    year = {2003}
}

@article{meira2003primeras,
    author = {Meira, Sérgio},
    journal = {Lingua Americana},
    keywords = {yukpa},
    number = {12},
    title = {Primeras observaciones sobre la lengua yukpa},
    volume = {7},
    year = {2003}
}

@article{meira2004demonstratifs,
    author = {Meira, Sérgio},
    journal = {Amerindia},
    keywords = {trio},
    number = {28},
    pages = {183–200},
    title = {Les démonstratifs proximaux non-animés de la langue tiriyo (caribe): une étude de corpus},
    year = {2004}
}

@article{meira2005bakairi,
    author = {Meira, Sérgio},
    journal = {Anthropological Linguistics},
    keywords = {bakairi},
    number = {3},
    pages = {261–291},
    title = {Reconstructing Pre-Bakairi Segmental Phonology},
    volume = {47},
    year = {2005}
}

@article{meira2005contrasting,
    author = {Meira, Sérgio and Terill, Angela},
    journal = {Linguistics},
    keywords = {trio},
    number = {6},
    pages = {1131–1152},
    title = {Contrasting contrastive demonstratives in Tiriyó and Lavukaleve},
    volume = {43},
    year = {2005}
}

@article{meira2005southern,
    author = {Meira, Sérgio and Franchetto, Bruna},
    journal = {International Journal of American Linguistics},
    keywords = {classification,overview},
    number = {2},
    pages = {127–192},
    title = {The Southern Cariban languages and the Cariban family},
    volume = {71},
    year = {2005}
}

@incollection{meira2006approaching,
    author = {Meira, Sérgio},
    editor = {Levinson, Stephen C. and Wilkins, David P.},
    address = {Cambridge},
    booksubtitle = {Explorations in Cognitive Diversity},
    booktitle = {Grammars of Space},
    keywords = {trio},
    pages = {311–358},
    publisher = {Cambridge University Press},
    title = {Approaching space in Tiriyó grammar},
    year = {2006}
}

@incollection{meira2006cariban,
    author = {Meira, Sérgio},
    editor = {Brown, Keith},
    address = {Oxford},
    booktitle = {Encyclopedia of language and linguistics},
    keywords = {overview},
    pages = {199–203},
    publisher = {Elsevier},
    title = {Cariban Languages},
    year = {2006}
}

@article{meira2006familia,
    author = {Meira, Sérgio},
    journal = {Revista de estudos e pesquisas},
    keywords = {overview},
    number = {1/2},
    pages = {157–174},
    title = {A família linguística Caribe (Karíb)},
    volume = {3},
    year = {2006}
}

@article{meira2006syntactic,
    author = {Meira, Sérgio},
    journal = {International Journal of American Linguistics},
    keywords = {yukpa},
    number = {1},
    pages = {135–150},
    title = {Syntactic reanalysis in Yukpa (Cariban)},
    volume = {72},
    year = {2006}
}

@article{meira2007oracoes,
    author = {Meira, Sérgio},
    journal = {Boletim do Museu Goeldi, Série Ciências Humanas},
    keywords = {relative clauses},
    number = {1},
    pages = {105–121},
    title = {Orações relativas em línguas Karíb},
    volume = {2},
    year = {2007}
}

@incollection{meira2009property,
    author = {Meira, Sérgio and Gildea, Spike},
    editor = {Wetzels, W. Leo},
    address = {Utrecht},
    booktitle = {The linguistics of endangered languages},
    pages = {95–133},
    publisher = {LOT},
    title = {Property concepts in the Cariban family: adjectives, adverbs, and/or nouns},
    year = {2009}
}

@article{meira2010origin,
    author = {Meira, Sérgio and Gildea, Spike and Hoff, Berend J.},
    journal = {International Journal of American Linguistics},
    keywords = {proto-cariban,relational},
    number = {4},
    pages = {477–515},
    title = {On the Origin of Ablaut in the Cariban Family},
    volume = {76},
    year = {2010}
}

@unpublished{meira2015classification,
    author = {Meira, Sérgio and Birchall, Joshua and Chousou-Polydouri, Natalia},
    address = {Leiden},
    note = {Talk held at SLE 2015},
    title = {A character-based internal classification of the Cariban language family},
    year = {2015}
}

@incollection{meira2018demo,
    author = {Meira, Sérgio},
    editor = {Levinson, Stephen C. and Cutfield, Sarah and Dunn, Michael J. and Enfield, Nick and Meira, Sérgio},
    address = {Cambridge},
    booktitle = {Demonstratives in Cross-Linguistic Perspective},
    keywords = {trio},
    pages = {222–241},
    publisher = {Cambridge University Press},
    title = {Tiriyó: Non-contrastive Exophoric Uses of Demonstratives},
    year = {2018}
}

@misc{meiraDBakawaio,
    author = {Meira, Sérgio},
    title = {Akawaio Shoebox database with parsed and glossed texts and corresponding morpheme lexicon},
    year = {2022}
}

@misc{meiraDBakuriyo,
    author = {Meira, Sérgio},
    title = {Akuriyó Shoebox database with parsed and glossed texts and corresponding morpheme lexicon},
    year = {2022}
}

@misc{meiraDBapalai,
    author = {Meira, Sérgio},
    title = {Apalaí Shoebox database with parsed and glossed texts and corresponding morpheme lexicon},
    year = {2022}
}

@misc{meiraDBarara,
    author = {Meira, Sérgio},
    title = {Arara Shoebox database with parsed and glossed texts and corresponding morpheme lexicon},
    year = {2022}
}

@misc{meiraDBaretyry,
    author = {Meira, Sérgio},
    title = {Aretyry (Kari'na) Shoebox database with parsed and glossed texts and corresponding morpheme lexicon},
    year = {2022}
}

@misc{meiraDBcarijo,
    author = {Meira, Sérgio},
    title = {Karijona Shoebox database with parsed and glossed texts and corresponding morpheme lexicon},
    year = {2022}
}

@misc{meiraDBchayma,
    author = {Meira, Sérgio},
    title = {Chayma Shoebox database with parsed and glossed texts and corresponding morpheme lexicon},
    year = {2022}
}

@misc{meiraDBebakairi,
    author = {Meira, Sérgio},
    title = {Eastern Bakairi Shoebox database with parsed and glossed texts and corresponding morpheme lexicon},
    year = {2022}
}

@misc{meiraDBhixka,
    author = {Meira, Sérgio},
    title = {Hixkaryána Shoebox database with parsed and glossed texts and corresponding morpheme lexicon},
    year = {2022}
}

@misc{meiraDBikpeng,
    author = {Meira, Sérgio},
    title = {Ikpeng Shoebox database with parsed and glossed texts and corresponding morpheme lexicon},
    year = {2022}
}

@misc{meiraDBingariko,
    author = {Meira, Sérgio},
    title = {Ingarikó Shoebox database with parsed and glossed texts and corresponding morpheme lexicon},
    year = {2022}
}

@misc{meiraDBkaxui,
    author = {Meira, Sérgio},
    title = {Werikyana Shoebox database with parsed and glossed texts and corresponding morpheme lexicon},
    year = {2022}
}

@misc{meiraDBkuikuro,
    author = {Meira, Sérgio},
    title = {Kuikuro Shoebox database with parsed and glossed texts and corresponding morpheme lexicon},
    year = {2022}
}

@misc{meiraDBmacushi,
    author = {Meira, Sérgio},
    title = {Macushi Shoebox database with parsed and glossed texts and corresponding morpheme lexicon},
    year = {2022}
}

@misc{meiraDBmapoyo,
    author = {Meira, Sérgio},
    title = {Mapoyo Shoebox database with parsed and glossed texts and corresponding morpheme lexicon},
    year = {2022}
}

@misc{meiraDBmaqui,
    author = {Meira, Sérgio},
    title = {Ye'kwana Shoebox database with parsed and glossed texts and corresponding morpheme lexicon},
    year = {2022}
}

@misc{meiraDBmurato,
    author = {Meira, Sérgio},
    title = {Murato Shoebox database with parsed and glossed texts and corresponding morpheme lexicon},
    year = {2022}
}

@misc{meiraDBpanare,
    author = {Meira, Sérgio},
    title = {Panare Shoebox database with parsed and glossed texts and corresponding morpheme lexicon},
    year = {2022}
}

@misc{meiraDBpemon,
    author = {Meira, Sérgio},
    title = {Pemón Shoebox database with parsed and glossed texts and corresponding morpheme lexicon},
    year = {2022}
}

@misc{meiraDBpiment,
    author = {Meira, Sérgio},
    title = {Pimenteira Shoebox database with parsed and glossed texts and corresponding morpheme lexicon},
    year = {2022}
}

@misc{meiraDBtabajari,
    author = {Meira, Sérgio},
    title = {Tabajari Shoebox database with parsed and glossed texts and corresponding morpheme lexicon},
    year = {2022}
}

@misc{meiraDBtamanaku,
    author = {Meira, Sérgio},
    title = {Tamanaku Shoebox database with parsed and glossed texts and corresponding morpheme lexicon},
    year = {2022}
}

@misc{meiraDBtauli,
    author = {Meira, Sérgio},
    title = {Taulipang (Pemon) Shoebox database with parsed and glossed texts and corresponding morpheme lexicon},
    year = {2022}
}

@misc{meiraDBtrio,
    author = {Meira, Sérgio},
    title = {Tiriyó Shoebox database with parsed and glossed texts and corresponding morpheme lexicon},
    year = {2022}
}

@misc{meiraDBtyrewuju,
    author = {Meira, Sérgio},
    title = {Tyrewuju Shoebox database with parsed and glossed texts and corresponding morpheme lexicon},
    year = {2022}
}

@misc{meiraDBwaimiri,
    author = {Meira, Sérgio},
    title = {Waimiri-Atroari Shoebox database with parsed and glossed texts and corresponding morpheme lexicon},
    year = {2022}
}

@misc{meiraDBwaiwai,
    author = {Meira, Sérgio},
    title = {Waiwai Shoebox database with parsed and glossed texts and corresponding morpheme lexicon},
    year = {2022}
}

@misc{meiraDBwayana,
    author = {Meira, Sérgio},
    title = {Wayana Shoebox database with parsed and glossed texts and corresponding morpheme lexicon},
    year = {2022}
}

@misc{meiraDBwbakairi,
    author = {Meira, Sérgio},
    title = {Western Bakairi Shoebox database with parsed and glossed texts and corresponding morpheme lexicon},
    year = {2022}
}

@misc{meiraDByukpa,
    author = {Meira, Sérgio},
    title = {Yukpa Shoebox database with parsed and glossed texts and corresponding morpheme lexicon},
    year = {2022}
}

@article{mendez1959yawarana,
    author = {Méndez-Arocha, Alberto},
    journal = {Antropológica},
    keywords = {yawarana},
    pages = {65–84},
    title = {Un vocabulario Yabarana con Apuntes Fonéticos},
    volume = {7},
    year = {1959}
}

@article{migliazza1965trio,
    author = {Migliazza, Ernesto C.},
    journal = {Boletim do Museu Paraense Emílio Goeldi. Série Antropologia},
    keywords = {trio},
    pages = {1–13},
    title = {Notas fonológicas da língua Tiriyó},
    volume = {29},
    year = {1965}
}

@incollection{migliazza1985,
    author = {Migliazza, Ernesto C.},
    editor = {Klein, Harriet E. Manelis and Stark, Louisa},
    address = {Austin},
    booktitle = {South American Indian Languages},
    pages = {17–139},
    publisher = {Texas University Press},
    title = {Languages of the Orinoco-Amazon Region: Current Status},
    year = {1985}
}

@phdthesis{monterrey2007pouvoir,
    author = {Silva Monterrey, Nalúa Rosa},
    institution = {École des hautes études en sciences sociales},
    title = {Pouvoir, parenté et société chez les Ye'kwana du Caura-Erebato, au Venuezuela: de la diversité à la synthèse},
    year = {2007}
}

@book{montes2000lenguas,
    editor = {González de Pérez, María Stella and Rodríguez de Montes, María Luisa},
    address = {Santafé de Bogotá},
    booktitle = {Lenguas indígenas de Colombia},
    publisher = {Instituto Caro y Cuervo},
    title = {Lenguas indígenas de Colombia: una visión descriptiva},
    year = {2000}
}

@incollection{moore2006brazil,
    author = {Moore, D.},
    editor = {Brown, Keith and Anderson, Anne and Bauer, Laurie and Berns, Margie and Miller, Jim and Hirst, Graeme},
    address = {Amsterdam},
    booktitle = {Encyclopedia of Language and Linguistics},
    pages = {117–128},
    publisher = {Elsevier},
    title = {Brazil: Language Situation},
    volume = {1},
    year = {2006}
}

@mastersthesis{morales2001regularidades,
    author = {Morales Romero, Venancio},
    institution = {Universidad del Zulia},
    keywords = {kalina},
    title = {Regularidades morfológicas y sintácticas de la lengua kari’ña},
    year = {2001}
}

@misc{morgado2018wayana,
    author = {Morgado, Paula and Coutinho Barbosa, Gabriel},
    note = {Povos Indígenas no Brasil, Instituto Socioambiental},
    title = {Wayana},
    url = {https://pib.socioambiental.org/en/Povo:Wayana},
    urldate = {2020-05-05},
    year = {2018}
}

@book{moseley1994atlas,
    editor = {Moseley, Christopher and Asher, R.E.},
    address = {London},
    booktitle = {Atlas of the world's languages},
    publisher = {Routledge},
    title = {Atlas of the world's languages},
    year = {1994}
}

@book{mosonyi1978kalina,
    author = {Mosonyi, Jorge C.},
    address = {Caracas},
    keywords = {kalina},
    publisher = {UCAB},
    title = {Diccionario básico del idioma Cariña},
    year = {1978}
}

@article{mosonyi1986lenguas,
    author = {Mosonyi, Jorge C.},
    journal = {Boletín de Lingüística},
    pages = {19–40},
    title = {Lenguas indígenas de Venezuela},
    volume = {7},
    year = {1986}
}

@incollection{mosonyi2000kalina,
    author = {Mosonyi, Esteban Emilio and Tamanaico, Pedro J. Medina},
    editor = {Mosonyi, Esteban Emilio and Mosonyi, Jorge C.},
    address = {Caracas},
    keywords = {kalina},
    pages = {398–450},
    publisher = {Fundación Bigott},
    title = {Kari’ña},
    volume = {2},
    volumes = {2},
    year = {2000}
}

@book{mosonyi2000manual,
    editor = {Mosonyi, Esteban Emilio and Mosonyi, Jorge C.},
    address = {Caracas},
    publisher = {Fundación Bigott},
    title = {Manual de lenguas indígenas de Venezuela},
    volumes = {2},
    year = {2000}
}

@incollection{mosonyi2000pemon,
    author = {Mosonyi, Esteban Emilio and Benavides, Basilio},
    editor = {Mosonyi, Esteban Emilio and Mosonyi, Jorge C.},
    address = {Caracas},
    keywords = {pemon},
    pages = {492–543},
    publisher = {Fundación Bigott},
    title = {Pemón},
    volume = {2},
    volumes = {2},
    year = {2000}
}

@unpublished{mosonyi2004,
    author = {Mosonyi, Esteban Emilio and González, Jorge Pocaterra},
    address = {Barcelona},
    note = {Paper presented at the Fórum Universal de les Cultures},
    title = {Experiencias recientes de revitalización lingüística en la Venezuela indígena},
    year = {2004}
}

@book{MPIkuikuro,
    editor = {{The Language Archive}},
    booktitle = {Kuikuro Team},
    keywords = {uxc},
    note = {Audio, Video, Text},
    title = {Kuikuro Team}
}

@article{muller1975mapoyo,
    author = {Mattéi-Müller, Marie Claude},
    address = {Caracas},
    journal = {Antropológica},
    keywords = {mapoyo},
    pages = {57–78},
    title = {Vocabulario básico de la lengua mapoya},
    volume = {42},
    year = {1975}
}

@unpublished{muller2021yawarana,
    author = {Mattéi-Müller, Marie-Claude and Cáceres Arandia, Natalia},
    note = {Flex project with 3583 lexical entries. Database in the author's possession.},
    title = {Yawarana dictionary},
    year = {2019}
}

@article{ohagan2019phylogenetic,
    author = {O’Hagan, Zachary and Chousou-Polydouri, Natalia and Michael, Lev},
    journal = {LIAMES: Línguas Indígenas Americanas},
    pages = {1–29},
    title = {Phylogenetic classification supports a Northeastern Amazonian Proto-Tupí-Guaraní homeland},
    volume = {19},
    year = {2019}
}

@unpublished{oquendo2000comparacion,
    author = {Oquendo, Luis},
    address = {Warsaw},
    keywords = {yukpa,japreria},
    note = {Paper presented at the 50th International Congress of Americanists},
    title = {Comparación entre el japreria y el yukpa},
    year = {2000}
}

@article{oquendo2004japreria,
    author = {Oquendo, Luis},
    journal = {Lingua Americana},
    keywords = {japreria},
    number = {14},
    pages = {87–98},
    title = {Is Japreria a Yukpa Dialect?},
    volume = {8},
    year = {2004}
}

@article{oquendo2005anafora,
    author = {Oquendo, Luis and Chavier, Mariela},
    journal = {Boletín Antropológico},
    keywords = {yukpa},
    number = {63},
    pages = {7–29},
    title = {La anáfora en yukpa},
    volume = {23},
    year = {2005}
}

@book{oquendo2007gramatica,
    author = {Oquendo, Luis and Morales, Venancio},
    address = {Caracas},
    keywords = {yukpa},
    publisher = {FEDUPEL},
    title = {Gramática pedagógica de la lengua yukpa: nanvonku o tuampatpo yukpape kuripa tusi kuripa voni tatpo yukpa vonku},
    year = {2007}
}

@book{overall2018nonverbal,
    editor = {Overall, Simon E. and Vallejos, Rosa and Gildea, Spike},
    address = {Amsterdam},
    booktitle = {Nonverbal predication in Amazonian languages},
    publisher = {John Benjamins},
    title = {Nonverbal predication in Amazonian languages},
    year = {2018}
}

@mastersthesis{pachano1997analisis,
    author = {Pachano, Maryoris},
    institution = {Universidad del Zulia},
    keywords = {yukpa},
    title = {Análisis sintáctico de las posposiciones en la lengua indígena yukpa},
    year = {1997}
}

@inproceedings{pacheco1997relative,
    author = {Pachêco, Frantomé B.},
    address = {Universidade Estadual de Londrina},
    booktitle = {Anais do XX Seminário do CELLIP},
    keywords = {ikpeng},
    title = {A posição do Ikpeng (Karib) na tipologia das relativas},
    year = {1997}
}

@article{pacheco1997relativizacao,
    author = {Pachêco, Frantomé B.},
    journal = {Estudos Lingüísticos},
    keywords = {ikpeng},
    pages = {697–701},
    title = {Relativização de objeto em Ikpeng/ Txicão (Karib): uma proposta de análise},
    volume = {26},
    year = {1997}
}

@incollection{pacheco1998nominalizacao,
    author = {Pachêco, Frantomé B.},
    journal = {Estudos Lingüísticos},
    keywords = {ikpeng},
    pages = {769–772},
    title = {Nominalização de sujeito e objeto em Ikpeng/Txicão (Karib)},
    volume = {27},
    year = {1998}
}

@incollection{pacheco2002aspectos,
    author = {Pachêco, Frantomé B.},
    editor = {Cabral, Ana Suelly Arruda Câmara and Rodrigues, Aryon D.},
    address = {Belém},
    keywords = {ikpeng},
    note = {Atas do I Encontro Internacional do Grupo de Trabalho sobre Línguas Indígenas da ANPOLL},
    pages = {54–61},
    publisher = {EDUFPA},
    title = {Aspectos da morfologia Ikpeng},
    volume = {2},
    volumes = {2},
    year = {2002}
}

@article{pacheco2003elipse,
    author = {Pachêco, Frantomé B.},
    journal = {Línguas Indígenas Americanas},
    keywords = {ikpeng},
    pages = {53–74},
    title = {Elipse e reiteração em textos Ikpeng (Karib)},
    volume = {3},
    year = {2003}
}

@article{pacheco2003intransitivos,
    author = {Pachêco, Frantomé B.},
    journal = {Amerindia},
    keywords = {ikpeng},
    number = {28},
    pages = {95–108},
    title = {Verbos intransitivos em Ikpeng (Caribe): proposta de organização morfossintática},
    year = {2003}
}

@incollection{pacheco2005nucleares,
    author = {Pachêco, Frantomé B.},
    editor = {Rodrigues, Aryon D. and Cabral, Ana Suelly Arruda Câmara},
    address = {Brasília},
    booktitle = {Novos estudos sobre línguas indígenas},
    keywords = {ikpeng},
    pages = {169–176},
    publisher = {Editora Universidade de Brasília},
    title = {As funções sintáticas nucleares e periféricas em Ikpeng (Karíb)},
    year = {2005}
}

@article{pacheco2007morfofonologia,
    author = {Pachêco, Frantomé B.},
    journal = {Estudos Lingüísticos},
    keywords = {ikpeng},
    number = {1},
    pages = {268–277},
    title = {Morfofonologia dos prefixos pessoais em Ikpeng (Karíb)},
    volume = {36},
    year = {2007}
}

@article{pacheco2009construcoes,
    author = {Pachêco, Frantomé B.},
    issuetitle = {Estudos linguísticos de línguas indígenas brasileiras},
    journal = {ReVEL},
    keywords = {ikpeng},
    number = {3},
    title = {Construções deverbais e processos de subordinação em Ikpeng (Karíb): breve discussão},
    volume = {7},
    year = {2009}
}

@incollection{pacheco2014causative,
    author = {Pachêco, Frantomé B.},
    editor = {Queixalós, Francesc and Telles, Stella and Bruno, Ana Carla},
    address = {Bogotá},
    booktitle = {Incremento de valencia en las lenguas amazónicas},
    keywords = {ikpeng},
    pages = {97–111},
    publisher = {Instituto Caro y Cuervo},
    title = {Construções causativas em Ikpeng (Karíb)},
    year = {2014}
}

@mastersthesis{palencia1998analisis,
    author = {Palencia, Pedro},
    institution = {Universidad del Zulia},
    keywords = {yukpa},
    title = {Análisis de los pronombres reflexivos yukpas en la oración simple según el principio A de la teoría de ligamiento de Chomsky},
    year = {1998}
}

@article{palencia2000causative,
    author = {Palencia, Iraima},
    journal = {Lingua Americana},
    keywords = {pemon},
    number = {7},
    pages = {52–66},
    title = {Las construcciones causativas en pemón (caribe)},
    volume = {4},
    year = {2000}
}

@article{palmegiani2002las,
    author = {Palmegiani, Annamaría},
    journal = {Boletín de Lingüística},
    keywords = {panare},
    number = {17},
    pages = {69–83},
    title = {Las correlaciones de orden en panare, lengua OVS},
    year = {2002}
}

@book{panarepayne2013,
    author = {Payne, Thomas E. and Payne, Doris L.},
    address = {Leiden},
    keywords = {panare,grammar},
    publisher = {Brill},
    series = {Brill's Studies in the Indigenous Languages of the Americas},
    title = {A Typological Grammar of Panare: A Cariban Language of Venezuela},
    year = {2013}
}

@misc{pantaleoni2020pib,
    editor = {Pantaleoni Ricardo, Fany},
    title = {Povos Indígenas no Brasil, Instituto Socioambiental},
    url = {https://pib.socioambiental.org},
    urldate = {2020-05-05},
    year = {2018}
}

@article{paula1970kaxui,
    author = {Paula, Ruth Wallace de Garcia},
    journal = {Boletim do Museu Paraense Emílio Goeldi - Antropologia},
    keywords = {kaxui},
    pages = {1–20},
    title = {Notas fonológicas da língua Kaxuyâna},
    volume = {43},
    year = {1970}
}

@book{paula1980kaxui,
    author = {Paula, Ruth Wallace de Garcia},
    address = {Rio de Janeiro},
    journal = {Publicações Avulsas 63, Lingüística},
    keywords = {kaxui},
    publisher = {Museu Nacional},
    series = {Publicações Avulsas 63: Lingüística},
    title = {Língua Kaxuyána},
    volume = {9},
    year = {1980}
}

@book{payne1990amazonian,
    editor = {Payne, Doris L.},
    address = {Austin},
    booktitle = {Amazonian linguistics},
    publisher = {University of Texas Press},
    title = {Amazonian linguistics: Studies in lowland South American languages},
    year = {1990}
}

@incollection{payne1990morphological,
    author = {Payne, Doris L.},
    editor = {Payne, Doris L.},
    address = {Austin},
    booktitle = {Amazonian linguistics},
    pages = {213–241},
    publisher = {University of Texas Press},
    title = {Morphological characteristics of lowland South American languages},
    year = {1990}
}

@incollection{payne1990some,
    author = {Payne, David L.},
    editor = {Payne, Doris L.},
    address = {Austin},
    booktitle = {Amazonian linguistics},
    pages = {75–87},
    publisher = {University of Texas Press},
    title = {Some widespread grammatical forms in South American languages},
    year = {1990}
}

@inproceedings{payne1993nonconfigurationality,
    author = {Payne, Doris L.},
    editor = {Peterson, David A.},
    address = {Berkeley},
    booktitle = {Proceedings of the Nineteenth Annual Meeting of the Berkeley Linguistics Society: Special Session on Syntactic Issues in Native American Languages},
    keywords = {panare},
    pages = {121–138},
    publisher = {Braun-Brumfield},
    title = {Nonconfigurationality and discontinuous expressions in Panare},
    year = {1993}
}

@article{payne1994ovs,
    author = {Payne, Doris L.},
    journal = {Text: Interdisciplinary Journal for the Study of Discourse},
    number = {4},
    pages = {581–610},
    title = {OVSu versus VSuO in Panare (Cariban): Do syntax and discourse match?},
    volume = {14},
    year = {1994}
}

@article{payne1995object,
    author = {Payne, Thomas E.},
    journal = {International Journal of American Linguistics},
    keywords = {panare},
    number = {3},
    pages = {295–312},
    title = {Object incorporation in Panare},
    volume = {61},
    year = {1995}
}

@book{pelleprat1655galibi,
    author = {Pelleprat, Pierre},
    address = {Paris},
    keywords = {kalina},
    publisher = {Cramoisy},
    title = {Introduction a la langue des Galibis: sauuages de la terre ferme de l'Amerique Meridionale},
    url = {http://hdl.handle.net/11858/00-001M-0000-0012-813E-0},
    year = {1655}
}

@book{pemondearmellada1943gramatica,
    author = {de Armellada, Cesáreo},
    address = {Caracas},
    booktitle = {Gramática y diccionario de la lengua {Pemón}},
    keywords = {pemon,grammar},
    publisher = {Artes Gráficas},
    title = {Gramatica},
    volume = {1},
    year = {1943}
}

@book{pemondearmellada1944dic,
    author = {de Armellada, Cesáreo},
    address = {Caracas},
    booktitle = {Gramática y diccionario de la lengua {Pemón}},
    keywords = {pemon,grammar},
    publisher = {Artes Gráficas},
    title = {Diccionario},
    volume = {2},
    year = {1944}
}

@book{pemondearmellada1994,
    author = {Olza, Jesús and de Armellada, Cesáreo},
    address = {Caracas},
    keywords = {pemon,grammar},
    publisher = {Universidad Católica Andrés Bello},
    title = {Gramática de la lengua Pemón (morfosintaxis)},
    year = {1994}
}

@unpublished{perez2019himno,
    author = {Pérez, Ana and Fontana, Ana and Pérez, Pablo and Mattéi-Müller, Marie-Claude and Cáceres Arandia, Natalia and Conde, Olga},
    howpublished = {Manuscript},
    title = {Traducción del himno de Venezuela en yabarana},
    year = {2019}
}

@mastersthesis{pessoa2006fonologia,
    author = {Pessoa, Katia Nepomuceno},
    institution = {Universidade Federal de Pernambuco},
    keywords = {phonology,pemon,kapon,macushi},
    title = {Fonologia Taurepang e comparação preliminar da fonologia de línguas do grupo Pemóng (família Caribe)},
    year = {2006}
}

@incollection{pineda1958oponcarare,
    author = {Pineda Giraldo, Roberto},
    editor = {Pineda Giraldo, Roberto and Fornaguera, Miguel},
    address = {Bogotá},
    booktitle = {Homenaje al profesor Paul Rivet},
    pages = {191–203},
    publisher = {Editorial ABC},
    title = {Vocabulario opón-carare},
    year = {1958}
}

@book{price1984panare,
    author = {Price, Jana},
    address = {Caracas},
    keywords = {panare},
    publisher = {UCAB},
    title = {Estudio sobre el sistema de sonidos del idioma panare.},
    year = {1984}
}

@incollection{price2015dictionary,
    author = {Price, Jana and Key, Mary Ritchie},
    editor = {Key, Mary Ritchie and Comrie, Bernard},
    address = {Leipzig},
    booktitle = {The Intercontinental Dictionary Series},
    keywords = {panare},
    publisher = {Max Planck Institute for Evolutionary Anthropology},
    title = {Panare},
    url = {https://ids.clld.org/contributions/172},
    year = {2015}
}

@book{prodoclin2014wonkinom,
    author = {{ProDoclin Ikpeng}},
    editor = {Chagas, Angela Fabíola Alves and Ingrid, Lemos Costa},
    address = {Rio de Janeiro},
    keywords = {ikpeng},
    publisher = {Museu do Índio},
    title = {Wonkinom mïran: livro de narrativas Ikpeng},
    year = {2014}
}

@book{queixalos2002ergatividade,
    editor = {Queixalós, Francesc},
    address = {Brasília, Paris},
    publisher = {Laboratório de Línguas Indígenas, Centre d'études des langues indigènes d'Amérique},
    title = {Ergatividade na Amazônia},
    volume = {1},
    year = {2002}
}

@book{queixalos2003ergatividade,
    editor = {Queixalós, Francesc},
    address = {Brasília, Paris},
    publisher = {Laboratório de Línguas Indígenas, Centre d'études des langues indigènes d'Amérique},
    title = {Ergatividade na Amazônia},
    volume = {2},
    year = {2003}
}

@book{queixalos2004ergatividade,
    editor = {Queixalós, Francesc},
    address = {Brasília, Paris},
    publisher = {Laboratório de Línguas Indígenas, Centre d'études des langues indigènes d'Amérique},
    title = {Ergatividade na Amazônia},
    volume = {3},
    year = {2004}
}

@incollection{queixalos2010intro,
    author = {Queixalós, Francesc and Gildea, Spike},
    editor = {Gildea, Spike and Queixalós, Francesc},
    address = {Amsterdam},
    booktitle = {Ergativity in Amazonia},
    pages = {1–26},
    publisher = {John Benjamins},
    title = {Manifestations of ergativity in Amazonia},
    year = {2010}
}

@book{queixalos2014valencia,
    editor = {Queixalós, Francesc and Telles, Stella and Bruno, Ana Carla},
    address = {Bogotá},
    booktitle = {Incremento de valencia en las lenguas amazónicas},
    publisher = {Instituto Caro y Cuervo},
    title = {Incremento de valencia en las lenguas amazónicas},
    year = {2014}
}

@article{reichel1945yukpa,
    author = {Reichel-Dolmatoff, Gerardo},
    journal = {Revista del Instituto Etnológico Nacional},
    keywords = {yukpa},
    number = {1},
    pages = {15–115},
    title = {Los indios motilones: etnografía y lingüística},
    volume = {2},
    year = {1945}
}

@article{renaultlescure1983la,
    author = {Renault-Lescure, Odile},
    journal = {Amerindia},
    keywords = {kalina},
    number = {8},
    pages = {17–38},
    title = {La composition nominale en galibi},
    year = {1983}
}

@article{renaultlescure1999le,
    author = {Renault-Lescure, Odile},
    journal = {Actances},
    keywords = {kalina},
    number = {10},
    pages = {163–176},
    title = {Le dispositif aspecto-temporel des verbes finis en kali’na oriental (langue caribe de la Guyane française)},
    year = {1999}
}

@article{renaultlescure2001dynamique,
    author = {Renault-Lescure, Odile},
    journal = {Amerindia},
    keywords = {kalina},
    number = {26/27},
    pages = {67–85},
    title = {Dynamique des relations actancielles en kali’na de Guyane française (ou galibi)},
    year = {2001}
}

@inproceedings{renaultlescure2002le,
    author = {Renault-Lescure, Odile},
    editor = {Crevels, Mily and Crevels, Mily and Meira, Sérgio and van der Voort, Hein},
    address = {Leiden},
    booktitle = {Current Studies on South American Languages: Selected papers from the 50th International Congress of Americanists in Warsaw and the Spinoza Workshop on Amerindian Languages in Leiden},
    keywords = {kalina},
    pages = {277–286},
    publisher = {Research institution of Asian, African, and Amerindian Studies (CNWS)},
    title = {Le parfait en kali’na},
    year = {2002}
}

@article{renaultlescure2004les,
    author = {Renault-Lescure, Odile},
    journal = {Amerindia},
    keywords = {kalina},
    number = {28},
    pages = {109–132},
    title = {Les noms des parties du corps et leur incorporation en kali’na},
    year = {2004}
}

@article{renaultlescure2012personnes,
    author = {Renault-Lescure, Odile},
    journal = {Faits de Langues},
    keywords = {kalina},
    number = {39},
    pages = {157–168},
    title = {Personnes et saillance en kali’na},
    year = {2012}
}

@incollection{rivet1924langues,
    author = {Rivet, Paul},
    editor = {Meillet, Antoine and Cohen, Marcel},
    address = {Paris},
    booktitle = {Les Langues du Monde},
    edition = {1},
    pages = {639–712},
    publisher = {Champion},
    title = {Langues Américaines II: Langues de l'Amérique du Sud et des Antilles},
    year = {1924}
}

@incollection{rivet1952langues,
    author = {Rivet, Paul and Loukotka, Čestmír},
    editor = {Meillet, Antoine and Cohen, Marcel},
    address = {Paris},
    booktitle = {Les Langues du Monde},
    edition = {2},
    pages = {1067–1097},
    publisher = {Champion},
    title = {Langues de l'Amérique du Sud et des Antilles},
    year = {1952}
}

@mastersthesis{robayo1986verbal,
    author = {Robayo Moreno, Camilo Alberto},
    institution = {Universidad de los Andes},
    keywords = {carijo},
    title = {La flexión verbal del carijona},
    year = {1986}
}

@mastersthesis{robayo1987person,
    author = {Robayo Moreno, Camilo Alberto},
    institution = {Université Paris VII},
    keywords = {carijo},
    title = {Le système des personnes de la langua carijona},
    year = {1987}
}

@article{robayo1989rame,
    author = {Robayo Moreno, Camilo Alberto},
    journal = {Amerindia},
    keywords = {carijo},
    pages = {189–199},
    title = {“En faisant une rame”: texte carijona},
    volume = {14},
    year = {1989}
}

@incollection{robayo2000avance,
    author = {Robayo Moreno, Camilo Alberto},
    editor = {González de Pérez, María Stella and Rodríguez de Montes, María Luisa},
    address = {Santafé de Bogotá},
    booktitle = {Lenguas indígenas de Colombia},
    keywords = {carijo},
    pages = {171–180},
    publisher = {Instituto Caro y Cuervo},
    title = {Avance sobre morfología carijona},
    year = {2000}
}

@incollection{robayo2000intro,
    author = {Robayo Moreno, Camilo Alberto},
    editor = {González de Pérez, María Stella and Rodríguez de Montes, María Luisa},
    address = {Santafé de Bogotá},
    booktitle = {Lenguas indígenas de Colombia},
    keywords = {yukpa},
    pages = {709–717},
    publisher = {Instituto Caro y Cuervo},
    title = {Introducción al estudio de la lengua yupo o yukpa},
    year = {2000}
}

@book{rodrigues1885,
    author = {Rodrigues, João Barbosa},
    address = {Rio de Janeiro},
    publisher = {Imprensa Nacional},
    title = {Rio Jauapery: Pacificação dos Crichanás},
    year = {1885}
}

@article{rodrigues1996case,
    author = {Rodrigues, Aryon D.},
    howpublished = {Manuscript},
    keywords = {relational},
    title = {A case of grammatical affinity among Tupi, Karib, and Macro-Je},
    year = {1996}
}

@book{rodrigues2005novos,
    editor = {Rodrigues, Aryon D. and Cabral, Ana Suelly Arruda Câmara},
    address = {Brasília},
    booktitle = {Novos estudos sobre línguas indígenas},
    publisher = {Editora Universidade de Brasília},
    title = {Novos estudos sobre línguas indígenas},
    year = {2005}
}

@article{rodrigues2009case,
    author = {Rodrigues, Aryon D.},
    journal = {Revista Brasileira de Linguística Antropológica},
    keywords = {relational},
    number = {1},
    pages = {137–162},
    title = {A case of affinity among Tupí, Karíb, and Macro-Jê},
    volume = {1},
    year = {2009}
}

@book{romero-figueroa2000basic,
    author = {Romero-Figueroa, Andrés},
    address = {München},
    keywords = {kalina},
    publisher = {LINCOM Europa},
    title = {Basic word order and sentence types in Kari’ña},
    year = {2000}
}

@incollection{romero2000participant,
    author = {Romero-Figueroa, Andrés},
    editor = {Voort, H. van der and van de Kerke, Simon},
    address = {Leiden},
    booktitle = {Indigenous Languages of Lowland South America},
    keywords = {kalina},
    pages = {243–254},
    publisher = {Research School of Asian, African, and Amerindian Studies},
    title = {Participant coding in Kariña discourse},
    year = {2000}
}

@book{romero2007lenguas,
    editor = {Romero-Figueroa, Andrés and Garay, Ana Fernández and Corbera, Angel},
    address = {Caracas},
    booktitle = {Lenguas indígenas de América del Sur},
    publisher = {Universidad Católica Andrés Bello},
    title = {Lenguas indígenas de América del Sur: estudios descriptivo-tipológicos y sus contribuciones para la lingüística teórica},
    year = {2007}
}

@incollection{romerofigueroa2000morfologia,
    author = {Romero-Figueroa, Andrés},
    editor = {Staib, B.},
    address = {Tübingen},
    booktitle = {Linguistica Romanica et Indiana},
    keywords = {pemon},
    pages = {551–564},
    publisher = {Gunter Narr Verlag},
    title = {Morfología verbal del pemón},
    year = {2000}
}

@incollection{romerofigueroa2007adverbial,
    author = {Romero-Figueroa, Andrés},
    editor = {Romero-Figueroa, Andrés and Garay, Ana Fernández and Corbera, Angel},
    address = {Caracas},
    booktitle = {Lenguas indígenas de América del Sur},
    pages = {19–28},
    publisher = {Universidad Católica Andrés Bello},
    title = {La unión clausal adverbial en las lenguas caribes del norte},
    year = {2007}
}

@incollection{romerofigueroa2011ergativo,
    author = {Romero-Figueroa, Andrés},
    editor = {Romero-Figueroa, Andrés},
    address = {Caracas},
    booktitle = {Lenguas indígenas de América},
    pages = {113–141},
    publisher = {Universidad Católica Andrés Bello},
    title = {El sistema ergativo en las lenguas caribes del norte: ¿muestra signos de debilitamiento?},
    year = {2011}
}

@book{romerofigueroa2011lenguas,
    editor = {Romero-Figueroa, Andrés},
    address = {Caracas},
    booktitle = {Lenguas indígenas de América},
    publisher = {Universidad Católica Andrés Bello},
    title = {Lenguas indígenas de América: morfología y sintaxis},
    year = {2011}
}

@article{romerofigueroa2014comparativos,
    author = {Romero-Figueroa, Andrés},
    journal = {Boletín de Lingüística},
    number = {39--40},
    pages = {187–216},
    title = {Análisis tipológico de los comparativos en las lenguas caribes del norte},
    volume = {25},
    year = {2014}
}

@article{romerofigueroa2015clausular,
    author = {Romero-Figueroa, Andrés},
    journal = {Línguas Indígenas Americanas},
    keywords = {maqui},
    number = {1},
    pages = {113–124},
    title = {Cláusular ergativas y no ergativas en ye’kwana (Caribe de norte)},
    volume = {15},
    year = {2015}
}

@mastersthesis{rosales1997tiempo,
    author = {Rosales, Cira},
    institution = {Universidad del Zulia},
    keywords = {yukpa},
    title = {El tiempo lingüístico en la estructura sintáctica de la lengua yukpa},
    year = {1997}
}

@article{rosales1998anclaje,
    author = {Rosales, Cira},
    journal = {Lingua Americana},
    keywords = {yukpa},
    number = {1},
    pages = {38–48},
    title = {Algunas consideraciones sobre el anclaje del tiempo lingüístico en la lengua yukpa},
    volume = {2},
    year = {1998}
}

@book{rowicka2006verb,
    editor = {Rowicka, Grazyna J. and Carlin, Eithne B.},
    address = {Utrecht},
    booktitle = {What's in a verb},
    publisher = {LOT},
    title = {What's in a verb: studies in the verbal morphology of the languages of the Americas},
    year = {2006}
}

@book{salazar2012gramatica,
    author = {Gutiérrez, Mariano},
    address = {Caracas},
    keywords = {pemon},
    publisher = {Universidad Catolica Andrés Bello},
    title = {Gramática didáctica de la lengua pemón},
    year = {2012}
}

@mastersthesis{sanchez2004oracion,
    author = {Sánchez, A.},
    institution = {Universidad del Zulia},
    keywords = {yukpa},
    title = {La oración simple y la cláusula relativa en yukpa},
    year = {2004}
}

@mastersthesis{santos2002morfologia,
    author = {dos Santos, Gélsama Mara Ferreira},
    institution = {Universidade Federal do Rio de Janeiro},
    keywords = {uxc},
    title = {Morfologia Kuikuro: as categorias ‘nome’ e ‘verbo’ e os processos de transitivização e intransitivização},
    year = {2002}
}

@article{santos2008flexionais,
    author = {Santos, Gélsama Mara Ferreira dos},
    journal = {Línguas Indígenas Americanas},
    keywords = {uxc},
    number = {8},
    pages = {105–120},
    title = {As classes morfológicas flexionais da língua Kuikuro},
    year = {2008}
}

@incollection{santos2014nominalizacao,
    author = {Santos, Mara and Franchetto, Bruna},
    editor = {Storto, Luciana and Franchetto, Bruna and Lima, Suzi},
    address = {Lisbon},
    booktitle = {Sintaxe e semântica do verbo em línguas indígenas do Brasil},
    pages = {43–64},
    publisher = {Mercado de Letras},
    title = {Nominalização dos argumentos interno e externo em Kuikuro},
    year = {2014}
}

@incollection{sapien2021antipassive,
    author = {Sapién, Racquel-María and Cáceres Arandia, Natalia and Gildea, Spike and Meira, Sérgio},
    editor = {Janic, Katarzyna and Witzlack-Makarevich, Alena},
    address = {Amsterdam},
    booktitle = {The Multifaceted Nature of Antipassive},
    publisher = {John Benjamins},
    title = {Antipassive and semantic classes of verbs in the Cariban family},
    year = {2021}
}

@article{schomburgk1850maqui,
    author = {Schomburgk, Robert},
    journal = {Proceedings of the Philological Society},
    keywords = {maqui},
    number = {92},
    pages = {217–223},
    title = {A vocabulary of the Maiongkong language},
    volume = {IV},
    year = {1850}
}

@unpublished{schuring2018kaxuyana,
    author = {Schuring, Phillip Arthur},
    howpublished = {Manuscript},
    keywords = {kaxui},
    title = {Uma gramática morfossintática bâsica da língua Katxuyana}
}

@book{schuster1976dekuana,
    author = {Schuster, Meinhard},
    address = {München},
    publisher = {Klaus Renner},
    series = {Ergebnisse der {Frobenius-Expedition} 1954/55 nach {Südost-Venezuela}},
    title = {Dekuana: Beiträge zur Ethnologie der Makiritare},
    volume = {3},
    year = {1976}
}

@article{seifart2007nominal,
    author = {Seifart, Frank and Payne, Doris L.},
    journal = {International Journal of American Linguistics},
    number = {4},
    pages = {281–287},
    title = {Nominal classification in the North West Amazon: Issues in areal diffusion and typological characteristics},
    volume = {73},
    year = {2007}
}

@incollection{seiler2017yawarana,
    author = {Seiler-Baldinger, Annemarie and Mattéi-Müller, Marie-Claude},
    editor = {Perera, Miguel Ángel and Rivas, Pedro},
    address = {Caracas},
    booktitle = {Los aborígenes de Venezuela V},
    pages = {127–209},
    title = {Los Yawarana (Yabarana)},
    year = {2017}
}

@book{sherzer1986native,
    editor = {Sherzer, Joel and Urban, Greg},
    address = {Amsterdam},
    booktitle = {Native South American discourse},
    publisher = {Mouton de Gruyter},
    title = {Native South American discourse},
    year = {1986}
}

@book{shibatani2002grammar,
    editor = {Shibatani, Masayoshi},
    address = {Amsterdam},
    booktitle = {The grammar of causation and interpersonal manipulation},
    publisher = {John Benjamins},
    title = {The grammar of causation and interpersonal manipulation},
    year = {2002}
}

@article{silva2011prosodic,
    author = {da Silva, Glauber Romling and Franchetto, Bruna},
    journal = {Amerindia},
    keywords = {uxc},
    pages = {41–52},
    title = {Prosodic distinctions between the varieties of the Upper-Xingu Carib language: results of an acoustic analysis},
    volume = {35},
    year = {2011}
}

@mastersthesis{smoll2014katuena,
    author = {Smoll, Laetitia},
    institution = {University of Leiden},
    keywords = {waiwai},
    title = {Me: ɾuɾu, ɸoku and tʃitowiʃ: An analysis of ideophones in Katuena (Tunayana)},
    year = {2014}
}

@book{smoll2015katuena,
    author = {Smoll, Laetitia},
    address = {Saarbrücken},
    publisher = {LAP Lambert Academic Publishing},
    title = {Ideophones in Katuena (Tunayana): a Cariban language of the Amazon basin},
    year = {2015}
}

@mastersthesis{socorro1998interaccion,
    author = {Socorro Sánchez, Marlene},
    institution = {Universidad del Zulia},
    keywords = {kalina},
    title = {Interacción de morfología y fonología en el sistema verbal del kari’ña (Caribe)},
    year = {1998}
}

@mastersthesis{souza1993arara,
    author = {de Souza, Shirley Dias Cardoso},
    institution = {Universidade de Brasília},
    keywords = {arara},
    title = {Alguns aspectos morfológicos da língua Arara (Karib)},
    year = {1993}
}

@article{souza1994bakairi,
    author = {Souza, Tânia Conceição Clemente de},
    journal = {Revista Latinoamericana de Estudios Etnolingüísticos},
    keywords = {bakairi},
    pages = {17–38},
    title = {A sintaxe de uma língua ergativa: o Bakairí},
    volume = {8},
    year = {1994}
}

@inproceedings{souza1997referencialidade,
    author = {Souza, Tania Conceição Clemente},
    editor = {Censabella, Marisa and Viegas Barros, J. Pedro},
    address = {Buenos Aires},
    booktitle = {III Jornadas de Lingüística Aborigen},
    keywords = {bakairi},
    pages = {319–327},
    title = {Referencialidade e enunciação em Bakairi (Carib)},
    year = {1997}
}

@phdthesis{souza1999bakairi,
    author = {Souza, Tânia Conceição Clemente de},
    institution = {UNICAMP},
    keywords = {bakairi},
    title = {Discurso e oralidade: um estudo em língua indígena},
    year = {1999}
}

@article{souza2003referencialidade,
    author = {Souza, Tania Conceição Clemente},
    journal = {Amerindia},
    keywords = {bakairi},
    number = {28},
    pages = {201–212},
    title = {Referencialidade em Bakairi},
    year = {2003}
}

@phdthesis{souza2004bakairi,
    author = {Souza, Tania Conceição Clemente},
    institution = {Universidade Federal de Juiz de Fora},
    keywords = {bakairi},
    title = {Bakairi (Southern Brazil Carib): A syntactically ergative Brazilian indigenous language with diathesis inversion},
    year = {2004}
}

@inproceedings{souza2005ergative,
    author = {Souza, Tania Conceição Clemente},
    editor = {Valencia, Alba},
    address = {Monterrey},
    booktitle = {Actas del XIV Congreso Internacional de la ALFAL},
    keywords = {bakairi},
    title = {Questões sobre ergatividade em Bakairi (Caribe)},
    year = {2005}
}

@article{souza2007aspectos,
    author = {Souza, Tania Conceição Clemente},
    journal = {Estudos da Língua(gem)},
    keywords = {bakairi},
    number = {1},
    pages = {137–152},
    title = {Alguns aspectos da ergatividade em Bakairi (Karib)},
    volume = {4},
    year = {2006}
}

@incollection{souza2007discours,
    author = {Souza, Tania Conceição Clemente},
    editor = {Guentchéva, Zlatka and Landaburu, Jon},
    address = {Paris},
    booktitle = {L'énonciation Médiatisée II. Le Traitement Épistémologique de L'information},
    keywords = {bakairi},
    pages = {205–218},
    publisher = {Peeters},
    series = {Bibliothèque de l’Information Grammaticale},
    title = {Discours et médiation en bakaïri (langue caribe, Brésil)},
    volume = {63},
    year = {2007}
}

@book{staib2000linguistica,
    editor = {Staib, B.},
    address = {Tübingen},
    booktitle = {Linguistica Romanica et Indiana},
    publisher = {Gunter Narr Verlag},
    title = {Linguistica Romanica et Indiana},
    year = {2000}
}

@incollection{stefanowitsch2002causative,
    author = {Stefanowitsch, Anatol},
    editor = {Shibatani, Masayoshi},
    address = {Amsterdam},
    booktitle = {The grammar of causation and interpersonal manipulation},
    keywords = {kapon},
    pages = {341–371},
    publisher = {John Benjamins},
    title = {Causative constructions in Akawaio},
    year = {2002}
}

@book{stegeman2014akawaio,
    author = {Stegeman, Ray and Hunter, Rita},
    keywords = {kapon},
    publisher = {SIL International},
    title = {Akawaio-English Dictionary},
    url = {https://akawaio.webonary.org/},
    year = {2014}
}

@book{steinen1894natur,
    author = {Steinen, Karl von den},
    address = {Cambridge},
    publisher = {Cambridge University Press},
    series = {Cambridge Library Collection - Linguistics},
    title = {Unter den Naturvölkern Zentral-Brasiliens: Reiseschilderung und Ergebnisse der zweiten Schingú-expedition, 1887–1888},
    year = {1894}
}

@book{stenzel2017voices,
    editor = {Stenzel, Kristine and Franchetto, Bruna},
    address = {Berlin},
    booktitle = {On this and other worlds},
    publisher = {Language Science Press},
    title = {On this and other worlds: Voices from Amazonia},
    year = {2017}
}

@book{storto2014sintaxe,
    editor = {Storto, Luciana and Franchetto, Bruna and Lima, Suzi},
    address = {Lisbon},
    booktitle = {Sintaxe e semântica do verbo em línguas indígenas do Brasil},
    publisher = {Mercado de Letras},
    title = {Sintaxe e semântica do verbo em línguas indígenas do Brasil},
    year = {2014}
}

@article{swiggers2004orden,
    author = {Swiggers, Gisela},
    journal = {Lingua Americana},
    keywords = {yukpa},
    number = {14},
    pages = {120–131},
    title = {El orden de palabras en yukpa},
    year = {2004}
}

@article{swiggers2007la,
    author = {Swiggers, Gisela},
    journal = {Opción},
    keywords = {yukpa},
    number = {52},
    pages = {72–84},
    title = {La coordinación en yukpa},
    volume = {23},
    year = {2007}
}

@phdthesis{swiggers2010gramatica,
    author = {Swiggers, Gisela},
    institution = {Universidad del Zulia},
    keywords = {pemon},
    title = {Gramática de Referencia del Pemón},
    year = {2010}
}

@book{tamanakumuller1990,
    author = {Mattéi-Müller, Marie-Claude and Henley, Paul},
    address = {San Cristobal},
    keywords = {tamanaku},
    publisher = {Universidad Católica del Táchira},
    title = {Los Tamanaku: su lengua, su vida},
    year = {1990}
}

@book{triocarlin2004,
    author = {Carlin, Eithne B.},
    address = {Frankfurt am Main},
    keywords = {trio,grammar},
    publisher = {Peter Lang},
    series = {Duisburger Arbeiten zur Sprach- und Kulturwissenschaft},
    title = {A Grammar of Trio: A Cariban Language of Suriname},
    volume = {55},
    year = {2004}
}

@phdthesis{triomeira1999,
    author = {Meira, Sérgio},
    institution = {Rice University},
    keywords = {trio,grammar},
    title = {A Grammar of Tiriyó},
    year = {1999}
}

@misc{troncarelli2018ikpeng,
    author = {Troncarelli, Maria Cristina and Menget, Patrick},
    note = {Povos Indígenas no Brasil, Instituto Socioambiental},
    title = {Ikpeng},
    url = {https://pib.socioambiental.org/en/Povo:Ikpeng},
    urldate = {2020-05-05},
    year = {2018}
}

@proceedings{vandekerke2000bajas,
    editor = {van der Voort, Hein and van de Kerke, Simon},
    address = {Leiden},
    publisher = {Research School of Asian, African, and Amerindian Studies (CNWS)},
    title = {Essays on indigenous languages of lowland South America: Contributions to the 49th International Congress of Americanists in Quito 1997},
    year = {2000}
}

@book{vapnarsky2006lexical,
    editor = {Lois, Ximena and Vapnarsky, Valentina},
    address = {Bern},
    booktitle = {Lexical categories and root classes in Amerindian languages},
    publisher = {Peter Lang},
    title = {Lexical categories and root classes in Amerindian languages},
    year = {2006}
}

@book{vegamian1978diccionario,
    author = {Vegamian, Felix M.},
    address = {Caracas},
    keywords = {yukpa},
    publisher = {Formateca C.A.},
    title = {Diccionario ilustrado yupa-español, español-yupa (con onomástica y apuntes gramaticales)},
    year = {1978}
}

@incollection{villalon2000person,
    author = {Villalón, María Eugenia and Granadillo, Tania},
    editor = {van der Voort, Hein and van de Kerke, Simon},
    address = {Leiden},
    keywords = {mapoyo},
    pages = {197–211},
    publisher = {Research School of Asian, African, and Amerindian Studies (CNWS)},
    title = {Los marcadores de persona de la lengua mapoyo},
    year = {2000}
}

@article{villalon2007consonants,
    author = {Villalón, María Eugenia},
    journal = {Antropológica},
    number = {107-108},
    pages = {41–70},
    title = {Una caracterización del sistema consonántico de la lengua mapoyo y propuesta para un alfabeto práctico},
    year = {2007}
}

@book{vitorino1991waiwai,
    author = {Vitorino, Marinalva M.},
    address = {Boa Vista},
    keywords = {waiwai},
    publisher = {Missão Evangélica da Amazônia},
    title = {Dicionário bilíngüe Wai-Wai/Português, Português/Wai-Wai},
    year = {1991}
}

@book{von1892bakairi,
    author = {von den Steinen, Karl},
    address = {Leipzig},
    keywords = {bakairi},
    publisher = {Koehler},
    title = {Die Bakaïri-Sprache: Wörterverzeichniss, Sätze, Sagen, Grammatik; mit Beiträgen zu einer Lautlehre der karaïbischen Grundsprache},
    year = {1892}
}

@book{voort2000indigenous,
    editor = {Voort, H. van der and van de Kerke, Simon},
    address = {Leiden},
    booktitle = {Indigenous Languages of Lowland South America},
    publisher = {Research School of Asian, African, and Amerindian Studies},
    title = {Indigenous Languages of Lowland South America},
    year = {2000}
}

@phdthesis{waimiribruno2003,
    author = {Bruno, Ana Carla dos Santos},
    institution = {University of Arizona},
    keywords = {waimiri,grammar},
    title = {Waimiri Atroari Grammar: Some Phonological, Morphological, and Syntactic Aspects},
    year = {2003}
}

@incollection{waiwaihawkins1998,
    author = {Hawkins, Robert E.},
    editor = {Derbyshire, Desmond C. and Pullum, Geoffrey K.},
    address = {Berlin/New York},
    booktitle = {Handbook of Amazonian Languages},
    keywords = {waiwai,grammar},
    pages = {25–224},
    publisher = {Mouton de Gruyter},
    title = {Wai Wai},
    volume = {4},
    year = {1998}
}

@phdthesis{wayanatavares2005,
    author = {Tavares, Petronila da Silva},
    institution = {University of Houston},
    keywords = {wayana,grammar},
    publisher = {UMI},
    title = {A grammar of Wayana},
    year = {2005}
}

@book{wetzels2009linguistics,
    editor = {Wetzels, W. Leo},
    address = {Utrecht},
    booktitle = {The linguistics of endangered languages},
    publisher = {LOT},
    title = {The linguistics of endangered languages: Contributions to morphology and morphosyntax},
    year = {2009}
}

@article{wheatley1969bakairi,
    author = {Wheatley, James},
    journal = {Linguistics},
    keywords = {bakairi},
    number = {47},
    pages = {80–100},
    title = {Bakairi verb structure},
    volume = {47},
    year = {1969}
}

@phdthesis{yamada2010speech,
    author = {Yamada, Racquel-María},
    institution = {University of Oregon},
    title = {Speech community-based documentation, description, and revitalization: Kari'nja in Konomerume},
    year = {2010}
}

@article{yamada2011evidentiality,
    author = {Yamada, Racquel-María},
    journal = {International Journal of American Linguistics},
    keywords = {kalina},
    number = {1},
    pages = {59–89},
    title = {A New Approach to \textitky- and \textit-ng in Kari’nja: Evidentiality or Something Else?},
    volume = {77},
    year = {2011}
}

@misc{yawaranagrammar,
    author = {Matter, Florian and Arandia, Natalia Cáceres and Gildea, Spike},
    title = {A digital sketch grammar of Yawarana (v0.0.3.draft2)},
    url = {http://yawarana-sketch.herokuapp.com/},
    year = {2022}
}

@mastersthesis{yukpanino1999,
    author = {Niño, Elena},
    institution = {Universidad del Zulia},
    keywords = {yukpa,grammar},
    title = {Aspectos de la morfología del Yukpa},
    year = {1999}
}
